2220 3471
659 272 809 304 ELFDE
843 272 904 304 EN
937 270 1198 304 TWAALFDE
1230 272 1430 304 EEUWEN
1811 275 1850 306 23

217 373 367 427 groote
390 370 805 425 kettervervolging
828 370 969 425 plaats
994 374 1022 411 ¹.
1045 369 1294 412 Omstreeks
1317 371 1536 426 Kerstdag
1554 372 1730 415 werden
1754 375 1849 416 veel

216 443 385 486 ketters
410 442 454 484 in
477 442 554 484 het
572 441 832 497 graafschap
867 441 1066 492 ontdekt,
1102 440 1356 493 edellieden‚
1384 443 1608 495 onedelen,
1645 444 1846 497 klerken,

217 512 520 569 krijgslieden‚
543 512 722 564 boeren,
744 512 971 568 maagden,
1009 512 1238 554 weduwen
1277 526 1329 554 en
1373 513 1586 568 gehuwde
1620 528 1847 560 vrouwen.

218 585 308 627 Met
335 584 416 627 den
441 583 631 640 bijstand
655 597 739 626 van
775 583 857 626 den
883 582 1107 625 landvorst
1141 583 1272 638 graaf
1299 583 1463 638 Philips
1487 598 1570 626 van
1609 585 1690 628 den
1724 587 1850 630 Elzas

217 654 485 698 onderzocht
519 667 567 695 er
588 653 786 705 Willem,
814 653 1138 708 aartsbisschop
1163 667 1247 695 van
1272 653 1433 704 Reims,
1472 668 1550 696 een
1583 659 1710 710 groot
1733 659 1850 712 getal

215 729 259 768 te
281 725 485 776 Atrecht‚
513 724 587 767 dat
611 724 761 767 alsdan
785 725 848 766 als
868 725 945 767 het
968 737 1085 766 ware
1109 724 1160 766 de
1185 724 1412 767 hoofdstad
1436 739 1519 767 van
1539 725 1568 768 ’t
1589 728 1849 784 graafschap

214 797 493 839 Vlaanderen
517 809 625 839 was.
656 796 794 839 Velen
820 795 997 837 werden
1020 794 1258 846 verbrand3
1286 796 1379 838 veel
1399 796 1590 839 anderen
1622 797 1850 842 behielden

211 867 490 923 integendeel
532 868 607 910 het
630 867 756 909 leven
790 866 896 909 door
933 866 1007 909 het
1041 866 1250 922 gelukkig
1282 867 1515 910 doorstaan
1540 868 1616 910 der
1639 883 1771 912 vuur-
1810 871 1856 913 of

214 938 496 994 waterproef.
520 939 612 980 Met
636 937 794 980 twaalf
813 937 1082 980 verdachten
1105 950 1198 979 was
1216 937 1277 980 dit
1298 938 1433 980 onder
1450 940 1640 982 anderen
1665 942 1708 983 te
1726 942 1848 997 Iepe-

214 1025 290 1053 ren
314 1010 390 1053 het
409 1010 553 1066 geval.
582 1010 630 1051 In
665 1011 693 1051 't
716 1008 844 1064 begin
879 1008 954 1050 dei·
991 1006 1081 1051 13cle
1113 1021 1251 1059 eeuW,
1290 1010 1688 1067 omstreeks’tjaar
1715 1013 1844 1064 1217,

214 1081 392 1124 werden
417 1080 645 1137 insgelijks
670 1093 749 1122 een
769 1080 914 1122 aantal
935 1079 1102 1122 ketters
1125 1083 1168 1122 te
1190 1080 1415 1136 Kamerijk
1440 1094 1491 1136 op
1514 1080 1638 1125 bevel
1662 1097 1745 1125 van
1764 1084 1847 1126 den

213 1152 412 1208 bisschop
447 1154 530 1195 Jan
553 1152 593 1193 II
616 1165 700 1194 van
740 1151 940 1193 Bethune
974 1150 1206 1204 verbrand,
1243 1152 1376 1194 nadat
1409 1152 1478 1207 zij,
1520 1158 1605 1196 met
1642 1154 1693 1196 de
1726 1155 1852 1210 proef

214 1238 298 1267 van
317 1224 392 1266 het
411 1223 608 1279 gloeiend
633 1223 738 1280 ijzer
755 1222 861 1265 door
880 1236 1015 1265 eenen
1035 1222 1223 1279 priester
1239 1236 1292 1278 op
1312 1222 1460 1265 hunne
1478 1223 1651 1267 handen
1670 1226 1840 1281 gelegd,

211 1309 297 1338 van
322 1295 499 1351 ketterij
534 1308 684 1337 waren
719 1294 948 1349 overtuigd
981 1293 1232 1349 geworden.
1270 1294 1358 1336 Ten
1393 1297 1552 1349 gunste
1584 1308 1668 1338 van
1709 1310 1843 1339 eenen

210 1366 385 1409 hunner
408 1365 666 1422 geschiedde
689 1365 964 1421 integendeel
987 1378 1065 1407 een
1090 1364 1272 1407 mirakel
1294 1363 1351 1423 bij
1378 1365 1534 1408 middel
1558 1379 1690 1409 eener
1711 1368 1846 1424 goede

210 1436 370 1490 biecht,
396 1451 448 1481 en
472 1438 531 1495 hij
557 1436 679 1479 werd
702 1436 916 1492 gespaard
940 1435 971 1479 ².

259 1638 270 1660 ¹
303 1635 460 1681 Corpus,
486 1637 554 1671 blz.
579 1637 689 1669 47-52
712 1648 757 1671 en
780 1637 899 1680 60-623
926 1637 1105 1680 sigeberti
1127 1637 1353 1671 continuatio
1371 1637 1643 1681 Aquicincffina,
1662 1637 1710 1679 bij
1728 1637 1846 1679 Pertz,

211 1692 366 1726 Monum
373 1697 468 1733 enta,
480 1692 693 1736 Scriptores,
705 1692 852 1733 deelV1,
862 1693 928 1726 blz.
937 1693 999 1724 421
1013 1704 1020 1734 3
1036 1691 1231 1736 Rigordus,
1243 1692 1291 1733 bij
1308 1691 1424 1732 PertZ,
1439 1692 1519 1726 deel
1533 1691 1668 1732 XXVI,
1679 1692 1745 1726 blz,
1758 1692 1822 1724 288
1837 1706 1846 1735 3

208 1745 426 1781 Vincentius
442 1746 718 1785 Bellovacensis,
734 1746 929 1791 Speculum
945 1746 1150 1787 historiale,
1165 1746 1230 1781 lib.
1244 1746 1384 1787 XXIX,
1400 1758 1480 1790 cap.
1497 1747 1539 1778 29
1555 1759 1563 1789 ς
1582 1746 1761 1781 Radulfus
1777 1758 1848 1781 van

211 1802 426 1846 CoggeshaL
446 1803 494 1844 bij
515 1802 605 1837 Dom
622 1803 801 1846 Bouquet,
821 1802 982 1844 Remea,
1000 1803 1079 1837 deel
1096 1802 1231 1845 XVIII,
1249 1803 1317 1837 blz.
1335 1803 1390 1843 92,
1403 1803 1447 1834 93
1461 1816 1469 1845 ς
1487 1814 1562 1837 enz.
1579 1821 1624 1827 —
1639 1802 1699 1837 Zie
1716 1803 1787 1837 ook
1803 1803 1847 1838 de

205 1857 309 1892 reeds
333 1857 581 1901 aangehaalde
604 1856 870 1901 verhandeling
892 1869 963 1891 van
986 1858 1019 1891 J.
1046 1857 1273 1899 Frederichs,
1301 1858 1356 1891 De
1379 1858 1757 1902 ketterveroolyinyen
1773 1868 1847 1892 van

205 1911 359 1957 Philips
374 1923 447 1946 van
466 1912 536 1946 den
551 1912 664 1946 Elzas
676 1912 728 1954 (in
744 1912 805 1947 het
825 1911 1107 1946 Nederlandsch
1123 1913 1308 1954 Museum,
1326 1912 1423 1953 1890,
1440 1913 1477 1944 4θ
1494 1913 1583 1955 afl.).

256 1967 271 1988 ²
300 1966 457 2011 Corpus,
482 1967 550 2001 blz.
568 1967 611 1999 69
626 1980 634 2010 ;
662 1967 852 2001 Caesarius
869 1978 940 2001 van
957 1966 1208 2009 Heisterbach,
1226 1966 1407 2011 Dialoqus
1423 1967 1704 2008 miraculorum,
1721 1967 1800 2002 deel
1819 1968 1846 2009 I,

209 2021 276 2055 blz.
299 2020 361 2053 132
375 2032 383 2055 ;
406 2021 498 2065 Cap.
518 2021 557 2055 X
566 2021 626 2055 VI.
641 2021 697 2055 De
716 2020 911 2055 haereticis
925 2021 1027 2065 apud
1043 2021 1285 2055 Camcrucum
1295 2032 1364 2066 per
1376 2021 1537 2055 candens
1548 2022 1692 2066 ferrum
1706 2024 1847 2056 exami-

207 2077 308 2109 natis
322 2082 353 2110 et
366 2077 576 2117 combustis,
589 2086 635 2109 eac
648 2077 781 2120 quibus
794 2086 890 2109 imus
903 2076 1053 2118 benefici
1057 2087 1076 2109 0
1089 2077 1328 2121 confessionis
1343 2075 1509 2110 salvatus
1522 2081 1580 2109 est.
1596 2076 1637 2111 In
1652 2077 1847 2112 Cameraco

208 2129 355 2165 civitate
367 2130 563 2174 episcopali
580 2130 677 2165 infra
693 2131 761 2165 hoc
779 2130 1068 2174 quinquennium
1084 2131 1205 2174 plures
1220 2130 1395 2165 haeretici
1412 2130 1661 2174 comprehensi
1674 2134 1770 2173 sunt,
1785 2132 1848 2175 qui

207 2197 331 2220 omnes
344 2185 475 2220 timore
492 2185 619 2221 mortis
637 2197 740 2220 suam
759 2185 948 2229 perfidiam
966 2189 1203 2229 negaverunt.
1220 2186 1352 2220 Missus
1368 2188 1420 2221 est
1435 2187 1480 2220 ab
1497 2186 1664 2230 episcopo
1681 2186 1846 2226 clericus,

207 2241 271 2284 qui
284 2244 458 2285 negantes
470 2252 534 2284 per
547 2241 705 2275 candens
717 2242 854 2275 ferrum
868 2241 1104 2282 examinaret,
1121 2241 1266 2276 adustos
1278 2241 1478 2276 haere-ticos
1495 2240 1742 2277 sententiaret.
1761 2242 1849 2276 Exa-

206 2295 332 2331 minati
356 2300 441 2330 sunt
464 2307 601 2331 omnes,
630 2296 701 2336 Qui
727 2308 810 2330 curn
838 2296 1071 2331 traherentur
1095 2296 1140 2330 ad
1171 2307 1336 2340 poenam,
1365 2308 1459 2330 unus
1482 2307 1526 2331 ex
1554 2295 1605 2331 eis
1630 2296 1687 2330 vir
1718 2296 1849 2331 nobilis

206 2350 383 2395 sanguine
411 2353 619 2385 reservatur
642 2363 664 2385 a
688 2350 821 2386 clerico
845 2351 891 2385 ad
914 2351 1039 2393 vitam,
1064 2350 1094 2384 si
1122 2352 1214 2385 sorte
1240 2351 1345 2385 illum
1373 2362 1517 2394 quoquo
1544 2351 1650 2386 modo
1675 2351 1849 2386 reducere

206 2408 324 2449 posset
337 2406 382 2440 ad
394 2405 665 2449 poenitentiam.
683 2406 749 2440 Cui
763 2405 815 2440 sic
828 2405 920 2440 dixit
935 2417 942 2439 :
960 2420 974 2433 κ
993 2406 1109 2440 Homo
1122 2405 1253 2441 nobilis
1265 2417 1301 2440 es
1316 2419 1324 2448 ;
1342 2405 1516 2440 misereor
1530 2406 1583 2440 tui
1599 2408 1635 2441 et
1647 2406 1849 2449 compatior

207 2460 351 2495 animae
367 2463 463 2496 tuae.
484 2461 589 2504 Rogo
608 2463 642 2495 et
658 2473 800 2502 moneo,
826 2464 867 2496 ut
882 2461 1002 2495 adhuc
1017 2462 1062 2495 de
1085 2463 1186 2495 tanta
1209 2460 1361 2504 perfidia
1378 2460 1580 2504 resipiscas,
1596 2461 1640 2495 de
1656 2472 1780 2496 errore
1803 2462 1849 2496 ad

204 2514 396 2550 veritatem
419 2515 556 2555 redeas,
584 2527 628 2549 ne
653 2527 716 2559 per
739 2517 893 2550 mortem
916 2516 1151 2558 temporalem
1176 2519 1328 2549 mortem
1345 2514 1512 2549 incurras
1536 2518 1734 2550 aeternam.
1750 2533 1765 2550 n
1792 2515 1849 2549 Ad

206 2570 296 2605 haee
320 2570 381 2604 ille
405 2569 590 2613 respondit
610 2582 617 2603 :
647 2578 662 2595 ‘⁴
680 2570 937 2614 Experimento
961 2570 1073 2604 didici
1098 2582 1154 2604 me
1178 2581 1337 2612 errasse3
1363 2570 1393 2603 si
1416 2581 1496 2604 sera
1521 2570 1742 2613 poenitentia
1759 2569 1849 2604 mihi

205 2625 372 2668 prodesse
396 2628 527 2668 posset,
572 2636 642 2659 non
670 2636 861 2659 renuerem
887 2625 1066 2659 confiteri.
1083 2642 1099 2659 n
1133 2624 1199 2659 Cui
1229 2636 1310 2658 curn
1340 2624 1402 2659 ille
1427 2624 1564 2659 diceret
1590 2624 1849 2668 poenitentiam

203 2691 325 2713 veram
351 2690 537 2722 nunquam
569 2690 644 2714 esse
669 2690 797 2718 seram,
818 2679 962 2713 vocavit
980 2679 1214 2713 sacerdotem.
1236 2679 1425 2713 Confessus
1442 2682 1494 2714 est
1509 2679 1617 2713 homo
1633 2691 1738 2713 suum
1755 2691 1849 2714 erro·

202 2745 291 2774 rem,
315 2746 359 2768 ex
376 2736 451 2768 toto
469 2734 576 2768 corde
593 2734 668 2768 Deo
687 2733 912 2777 promittens,
932 2734 960 2766 si
979 2733 1053 2768 vita
1069 2733 1339 2774 concederetur,
1357 2733 1652 2769 satisfactionem.
1667 2733 1716 2769 Ut
1729 2736 1849 2768 autem

206 2788 286 2831 pius
312 2788 488 2822 Dominus
512 2788 585 2822 vim
611 2788 814 2823 ostenderet
837 2788 1082 2829 confessionis,
1107 2799 1190 2822 mox
1214 2791 1255 2823 ut
1278 2788 1465 2831 poenitens
1489 2788 1606 2831 coepit
1622 2790 1769 2832 peccata
1784 2801 1849 2823 sua

209 2843 386 2884 confiteri,
406 2843 523 2887 coepit
540 2846 575 2878 et
592 2843 670 2887 ipsa
687 2844 920 2878 combustura
936 2842 974 2877 in
990 2855 1099 2877 manu
1118 2843 1320 2878 confitentis
1337 2843 1512 2887 paulatim
1536 2842 1666 2877 minui.
1695 2844 1795 2884 Quae
1814 2843 1852 2878 in

210 2900 353 2932 tantum
370 2909 412 2932 60
425 2897 613 2941 aspicienti
627 2897 787 2933 decrevit
800 2897 835 2932 in
850 2901 1027 2941 quantum
1040 2898 1214 2932 confessio
1228 2898 1392 2942 profecit.
1410 2898 1605 2933 Medietate
1617 2897 1850 2933 confessionis

218 2954 376 2997 peracta,
402 2952 520 2987 media
544 2964 627 2998 pars
650 2953 780 2997 plagae
804 2957 856 2988 est
880 2956 1016 2989 sanata.
1035 2953 1082 2988 Ut
1100 2958 1220 2989 autem
1238 2953 1497 2989 confessionem
1511 2955 1623 2988 totam
1642 2953 1847 2998 complevit,
