2220 3471
632 273 689 304 ΟΡ
733 273 792 304 DE
824 273 1159 305 WERELDLIJKE
1190 273 1350 306 MACHT
1772 274 1810 307 91

166 370 211 413 in
245 368 460 413 hetzelfde
494 369 542 412 of
568 369 609 412 in
645 370 722 414 het
744 369 957 426 volgende
979 371 1077 428 jaar
1099 371 1294 414 wellicht
1318 371 1490 415 maakte
1515 372 1574 429 hij
1601 385 1705 415 voor
1729 372 1812 415 alle

166 443 393 497 gewesten
435 441 737 495 verplichtend
771 444 861 484 wat
902 443 960 499 hij
1006 445 1049 485 te
1093 442 1272 485 Viterbo
1312 457 1365 485 en
1403 444 1445 485 in
1481 443 1531 485 de
1568 444 1812 500 pauselijke

166 514 311 555 staten
344 514 475 566 tegen
509 511 561 554 de
593 512 765 555 ketters
798 513 883 555 had
920 514 1217 569 vastgesteld;
1256 514 1389 556 onder
1422 514 1629 566 anderen,
1664 515 1737 558 dat
1761 515 1813 557 de

166 582 357 637 nalatige
380 582 653 639 wereldliJke
677 587 858 626 vorsten
893 584 947 640 bij
974 585 1131 627 middel
1156 585 1231 627 der
1265 585 1519 642 geestelijke
1538 599 1725 628 censuur
1750 588 1813 629 tot

165 652 526 707 werkdadigheid
550 654 693 697 zullen
719 655 993 710 gedwongen
1018 655 1197 697 worden
1217 655 1245 699 ¹.

227 724 282 768 Al
315 725 366 767 de
398 725 660 781 bepalingen
685 740 768 768 van
793 727 871 769 het
896 727 1069 770 decreet
1093 740 1176 769 van
1197 728 1372 770 Verona
1397 727 1552 784 (1184)
1576 741 1629 770 en
1652 741 1737 770 van
1761 728 1813 770 de

165 796 378 851 volgende
412 796 621 838 concilien
657 796 836 839 werden
867 797 1069 853 eindelijk
1092 811 1378 852 opgenmnen,
1406 798 1650 853 eenigszins
1672 799 1812 854 uitge-

164 866 285 909 breid
317 880 370 909 en
405 867 678 922 verscherpt,
718 868 761 909 in
797 867 873 910 het
907 868 1139 911 hoofdstuk
1174 868 1242 910 De
1274 868 1520 920 haereticis,
1558 869 1631 911 dat
1655 883 1705 924 op
1739 870 1814 912 het

164 937 312 980 vierde
345 938 570 993 algemeen
604 938 786 980 concilie
821 952 903 981 van
940 940 1154 981 Lateraan
1190 939 1294 981 door
1317 939 1570 981 denzelfden
1602 940 1812 982 Innocen-

164 1009 252 1052 tius
272 1009 335 1051 ΙΙΙ
357 1009 479 1051 werd
502 1008 794 1064 afgekondigd
827 1009 908 1065 (30
930 1009 1176 1053 November
1204 1011 1335 1066 1215)
1354 1008 1383 1052 ².
1411 1012 1470 1052 De
1493 1010 1596 1052 door
1618 1011 1670 1053 de
1692 1012 1814 1053 Kerk

164 1079 472 1122 veroordeelde
489 1080 658 1123 ketters
678 1081 821 1123 zullen
843 1095 924 1123 aan
944 1081 996 1123 de
1016 1081 1289 1139 wereldlijke
1307 1085 1486 1123 vorsten
1505 1081 1552 1124 of
1564 1095 1647 1124 aan
1665 1083 1814 1125 hunne

164 1151 384 1209 baljuwen
408 1151 680 1208 uitgeleverd
705 1152 884 1195 worden
910 1166 980 1194 om
1000 1153 1050 1194 de
1076 1153 1309 1195 verdiende
1331 1152 1446 1195 straf
1463 1155 1504 1194 te
1528 1153 1777 1208 ondergaan
1800 1166 1809 1204 ;

163 1224 312 1266 vooral
336 1222 479 1266 wordt
503 1237 555 1279 op
576 1223 658 1266 den
679 1224 756 1266 eed
780 1237 863 1265 van
886 1224 1280 1279 gehoorzaamheid
1305 1224 1381 1266 der
1400 1224 1670 1280 wereldlijke
1688 1238 1812 1267 over-

165 1294 265 1337 heid
296 1307 381 1337 aan
415 1294 466 1337 de
499 1294 725 1350 Inquisitie
757 1294 980 1351 bijzonder
1012 1295 1234 1350 gedrukt:
1281 1312 1298 1334 α
1320 1295 1586 1338 Moneantur
1603 1299 1748 1338 autem
1771 1299 1816 1338 et

164 1365 430 1408 inducantur
474 1368 531 1417 et,
582 1366 618 1408 si
663 1380 838 1409 necesse
883 1365 1030 1417 fuerit,
1079 1380 1154 1421 per
1202 1380 1433 1409 censuram
1477 1366 1814 1409 ecclesiasticam

165 1437 484 1492 compellantur
511 1437 757 1480 saeculares
791 1440 1049 1492 potestates,
1087 1437 1424 1492 quibuscumque
1457 1437 1697 1493 fungantur
1723 1437 1815 1480 offi-

166 1508 258 1557 ciis,
286 1511 336 1551 ut
358 1509 472 1551 sicut
510 1508 707 1564 reputari
732 1509 911 1564 cupiunt
936 1512 977 1551 et
1002 1508 1153 1551 haberi
1179 1509 1341 1559 fideles,
1379 1508 1440 1551 ita
1463 1522 1541 1564 pro
1565 1508 1813 1551 defensione

165 1579 262 1622 fidei
286 1583 512 1635 praestent
535 1580 1033 1637 publicejuramentum‚
1063 1580 1175 1635 quod
1199 1580 1250 1622 de
1275 1580 1404 1622 terris
1425 1594 1527 1622 suae
1545 1580 1814 1636 juridictioni

165 1651 369 1708 subjectis
395 1651 620 1694 universos
654 1652 896 1695 haereticos
923 1651 975 1694 ab
1009 1651 1190 1694 ecclesia
1213 1651 1443 1694 denotatos
1476 1650 1588 1693 bona
1620 1651 1702 1693 fide
1736 1665 1813 1705 pro

164 1722 329 1766 viribus
348 1723 641 1766 exterminare
660 1723 912 1766 studebunt.
931 1740 948 1762 >³
974 1724 1244 1779 Aangaande
1263 1724 1338 1766 het
1358 1723 1507 1765 woord
1527 1723 1815 1766 exterminare

164 1794 252 1837 kan
277 1794 374 1837 hier
394 1795 551 1850 twijfel
570 1794 766 1845 bestaan,
795 1795 842 1837 of
859 1795 934 1838 het
959 1795 1045 1837 wel
1069 1794 1343 1849 verbanning
1363 1794 1408 1836 of
1422 1794 1651 1837 doodstraf
1669 1793 1813 1836 betee-

165 1864 289 1916 kent,
333 1865 438 1908 daar
474 1867 550 1909 het
584 1880 692 1909 voor
724 1866 846 1909 beide
887 1866 1192 1922 uitleggingen
1234 1865 1415 1908 vatbaar
1449 1866 1517 1917 is;
1564 1879 1661 1907 men
1701 1868 1815 1907 weet

166 1936 413 1992 overigens,
451 1936 526 1979 dat
558 1936 609 1979 de
633 1936 754 1979 Kerk
789 1936 845 1994 bij
882 1937 1100 1980 voorkeur
1138 1937 1265 1979 zulke
1290 1936 1580 1992 onduidelijke
1615 1936 1814 1978 uitdruk-

167 2006 331 2063 kingen
362 2007 611 2063 gebruikte,
647 2022 856 2050 wanneer
889 2009 940 2065 zij
978 2022 1082 2050 over
1114 2008 1165 2050 de
1199 2007 1491 2063 lichamelijke
1525 2006 1704 2050 straffen
1737 2006 1815 2049 der

166 2078 336 2121 ketters
380 2078 513 2134 sprak
534 2093 542 2122 :
578 2079 696 2121 alzoo
743 2079 866 2122 komt
908 2079 1003 2122 hier
1048 2079 1128 2121 ook
1164 2080 1327 2121 alweer
1369 2079 1420 2120 de
1461 2078 1586 2120 reeds
1619 2077 1815 2120 bekende

165 2149 352 2192 formuul
386 2149 765 2194 animadversione
796 2149 938 2194 debita
969 2149 1181 2205 puniendi
1217 2163 1337 2192 voor.

215 2220 427 2277 Strenger
445 2221 527 2263 dan
547 2221 635 2264 ooit
656 2225 698 2264 te
710 2235 846 2264 voren
859 2222 1002 2265 wordt
1021 2222 1072 2263 de
1091 2221 1433 2277 onderwerping
1450 2221 1526 2263 der
1543 2220 1815 2278 wereldlijke

165 2292 312 2335 macht
344 2305 426 2334 aan
462 2292 513 2335 de
545 2292 770 2347 Inquisitie
799 2294 1182 2349 voorgeschreven
1221 2307 1275 2335 en
1314 2296 1404 2335 met
1441 2293 1492 2334 de
1531 2291 1815 2335 indrukwek-

167 2364 353 2407 kendste
370 2363 681 2420 bedreigingen
707 2364 956 2420 ingeprent.
996 2366 1054 2407 De
1078 2365 1441 2422 wederspannige
1464 2368 1584 2406 vorst
1608 2365 1674 2406 zal
1698 2369 1814 2407 eerst

165 2434 211 2477 in
236 2436 318 2477 den
343 2435 425 2478 ban
445 2436 623 2478 worden
644 2437 852 2491 geslagen
879 2436 984 2478 door
1008 2436 1058 2477 de
1083 2434 1368 2490 bisschoppen
1392 2449 1400 2485 ;
1427 2435 1544 2477 komt
1567 2435 1625 2491 hij
1651 2434 1813 2477 binnen

167 2506 245 2548 het
263 2506 365 2562 Jaar
386 2506 478 2548 niet
502 2509 569 2549 tot
594 2506 761 2557 inkeer‚
791 2507 873 2549 dan
893 2507 956 2548 zal
983 2506 1034 2548 de
1052 2520 1158 2562 paus
1183 2506 1295 2562 zijne
1318 2506 1598 2548 onderdanen
1622 2519 1707 2548 van
1730 2506 1814 2548 alle

214 2720 225 2742 ⁴
255 2718 445 2763 Principes
470 2719 685 2762 saeculares,
711 2719 807 2763 quod
831 2719 876 2754 ad
893 2719 930 2754 id
947 2719 1196 2763 exequendum
1215 2719 1244 2753 si
1263 2720 1354 2754 forte
1374 2720 1598 2764 negligentes
1611 2719 1811 2760 extiterint,

165 2787 230 2820 per
243 2786 432 2810 censuram
447 2774 743 2816 ecclesiasticam,
757 2777 895 2809 remota
909 2774 1162 2818 appellatione,
1172 2775 1339 2818 compelli
1355 2775 1520 2809 volumus
1534 2778 1568 2809 et
1584 2775 1811 2809 mandamus.

166 2830 406 2872 (Raynaldus,
430 2829 608 2870 Annales,
635 2829 713 2864 deel
737 2828 838 2870 XIII,
864 2829 930 2863 blz.
957 2830 1013 2871 28,
1039 2829 1084 2863 ad
1108 2840 1245 2863 annum
1263 2830 1360 2870 1199,
1380 2836 1418 2863 n‘
1431 2829 1495 2872 233
1517 2831 1670 2874 Corpus,
1688 2830 1766 2864 dee]
1783 2830 1812 2872 1,

166 2885 233 2919 blz.
253 2885 324 2927 60.)
344 2885 438 2919 Over
452 2884 520 2919 den
536 2884 674 2924 datum,
694 2883 746 2919 zie
763 2884 889 2918 aldaar
901 2884 1094 2926 Erratzcm,
1111 2885 1179 2918 blz.
1196 2884 1272 2916 638.

214 2940 228 2961 ²
255 2939 388 2982 Mami,
401 2940 479 2974 deel
494 2940 613 2981 XXII,
634 2940 700 2974 blz.
717 2939 889 2982 986-9903
912 2940 1063 2983 Corpus,
1082 2939 1159 2974 (leel
1175 2939 1203 2981 Ι,
1223 2940 1288 2974 blz.
1307 2940 1420 2974 66-68.
