2220 3471
758 265 1020 297 VOLLEDIGE
1053 266 1335 298 INRICHTING
1826 270 1864 301 71

286 361 597 406 Daarenboven
629 362 761 406 bevat
783 363 885 405 deze
909 362 1256 418 merkwaardige
1282 362 1352 405 bul
1377 364 1527 419 eenige
1552 365 1711 407 andere
1734 364 1862 421 bepa-

225 437 389 491 Inigen,
426 435 492 477 die
528 436 617 478 niet
650 435 947 478 rechtstreeks
982 437 1068 477 met
1102 435 1152 477 de
1185 434 1548 492 bisschoppelijke
1573 437 1796 491 Inquisitie
1820 437 1863 480 in

224 506 417 549 verband
456 509 598 549 staan.
641 506 774 549 Alzoo
815 507 1013 549 verleent
1051 506 1103 548 de
1127 519 1232 561 paus
1258 520 1340 548 aan
1373 507 1486 563 zijne
1508 508 1788 561 inquisiteurs
1812 509 1863 551 de

226 578 372 620 macht
405 591 473 619 om
506 591 642 620 eenen
682 578 814 620 aflaat
847 591 929 619 van
966 577 1141 632 twintig
1164 577 1212 618 of
1229 577 1334 620 zelfs
1358 579 1526 633 veertig
1550 579 1691 634 dagen
1727 583 1796 621 toe
1821 583 1864 621 te

222 651 347 691 staan
389 663 471 691 aan
512 649 725 704 degenen‚
763 649 829 690 die
861 648 912 690 de
936 648 1315 703 kettergerichten
1338 648 1555 704 bijWonen
1582 664 1638 692 na
1662 650 1863 705 gebiecht

222 724 265 762 te
288 719 471 762 hebben.
502 722 598 762 Aan
621 720 673 761 de
698 719 938 774 pauselijke
959 718 1316 761 kettermeesters
1336 720 1454 762 zelve
1473 734 1524 762 011
1545 734 1626 763 aan
1646 721 1859 776 degenen,

219 791 286 833 die
312 791 394 833 hen
419 791 685 846 persoonlijk
705 790 748 832 in
771 790 822 831 de
846 790 1113 846 ketterjacht
1136 790 1309 845 helpen,
1332 791 1476 833 wordt
1498 805 1576 833 een
1599 793 1712 834 volle
1732 792 1864 834 aflaat

218 862 513 917 geschonken,
540 861 675 917 gelijk
698 875 779 903 aan
804 860 887 902 den
911 861 1040 903 aflaat
1064 859 1169 902 door
1191 861 1265 903 het
1302 861 1527 916 algemeen
1554 863 1730 905 concilie
1756 877 1860 905 voor

219 933 270 974 (10
310 931 643 975 kruisvaarders
677 945 785 974 naar
822 932 895 974 het
935 931 1079 986 Heilig
1120 931 1239 973 Land
1278 930 1521 987 bedongen.
1567 934 1685 976 Voor
1715 934 1863 976 hunne

218 1003 379 1045 andere
418 1002 716 1057 medehelpers
755 1003 790 1043 is
822 1002 873 1043 de
912 1002 1042 1044 aflaat
1081 1002 1244 1044 slechts
1282 1016 1366 1044 van
1402 1003 1493 1045 drie
1519 1004 1680 1059 jarem
1723 1018 1857 1054 maar,

221 1075 377 1116 komen
402 1074 453 1130 zij
475 1077 519 1116 te
538 1073 792 1129 overlijden,
815 1073 976 1129 terwijl
997 1073 1047 1128 zij
1068 1087 1148 1114 aan
1165 1073 1216 1114 de
1234 1074 1459 1127 Inquisitie
1480 1073 1667 1131 bijstand
1687 1074 1859 1127 bieden‚

222 1145 305 1187 dan
339 1144 481 1186 wordt
515 1145 605 1186 hun
631 1144 743 1185 volle
766 1143 1123 1198 kwijtschelding
1148 1143 1465 1198 gewaarborgd
1489 1158 1573 1186 van
1599 1145 1650 1187 de
1674 1145 1858 1197 zonden,

219 1217 285 1258 die
323 1216 374 1272 zij
424 1220 508 1257 met
549 1229 627 1257 een
667 1215 934 1257 berouwend
976 1216 1102 1257 harte
1142 1215 1283 1257 zullen
1323 1215 1523 1270 gebiecht
1559 1216 1727 1259 hebben
1748 1217 1776 1260 ¹.
1803 1219 1862 1260 De

218 1287 499 1342 inquisiteurs
540 1286 721 1329 worden
761 1287 841 1328 ook
881 1286 1157 1341 gemachtigd
1192 1300 1259 1328 om
1284 1287 1432 1329 hunne
1458 1288 1795 1343 tegenstanders
1818 1289 1859 1330 in

218 1358 298 1400 den
317 1358 402 1400 ban
435 1361 479 1400 te
515 1357 654 1408 slaan‚
681 1357 872 1399 alsmede
896 1357 947 1399 de
973 1356 1302 1399 bedelbroeders
1332 1358 1506 1400 hunner
1529 1359 1648 1411 orde,
1675 1359 1742 1401 die
1765 1360 1860 1401 zich

218 1430 294 1472 het
317 1431 442 1472 recht
461 1431 527 1472 tot
545 1429 754 1484 prediken
778 1428 940 1471 zouden
966 1429 1260 1483 aanmatigen.
1289 1430 1485 1484 Hetgeen
1510 1430 1562 1471 de
1580 1429 1860 1485 inquisiteurs

218 1501 308 1543 niet
345 1504 572 1557 getweee'n
611 1500 753 1543 zullen
792 1500 971 1543 kunnen
1015 1500 1276 1549 verrichten‚
1322 1514 1476 1556 mogen
1515 1501 1567 1558 zij
1603 1502 1744 1544 alleen
1770 1503 1859 1544 vol-

224 1572 435 1627 brengen.

278 1642 526 1685 Alexander
548 1643 646 1684 IV's
665 1646 817 1697 groote
835 1642 906 1685 bul
926 1656 1010 1685 van
1031 1643 1086 1686 13
1107 1641 1339 1685 December
1360 1643 1474 1686 1255
1494 1644 1628 1696 werd,
1655 1645 1851 1688 achttien

210 1715 311 1772 jaar
333 1715 460 1764 later,
488 1714 594 1756 door
615 1714 853 1770 Gregorius
879 1715 921 1756 X
945 1714 1203 1756 hernieuwd
1236 1728 1289 1756 en
1313 1714 1549 1770 uitgebreid
1575 1716 1617 1758 in
1642 1730 1747 1759 eene
1770 1730 1857 1772 nog

214 1785 565 1841 omvangrijkere
588 1784 660 1828 bul
687 1799 769 1827 van
794 1785 851 1828 20
883 1785 1005 1840 April
1035 1785 1148 1827 1273
1166 1782 1197 1827 2.
1226 1787 1284 1827 De
1308 1787 1551 1843 pauselijke
1574 1787 1855 1842 inquisiteurs

214 1856 256 1898 in
281 1856 355 1913 het
378 1856 634 1912 koninkrijk
656 1856 896 1911 Frankrijk
919 1856 1064 1897 zullen
1087 1855 1177 1898 hun
1213 1855 1331 1899 ambt
1357 1857 1582 1900 vervullen
1606 1861 1672 1901 tot
1695 1858 1854 1914 vergis-

214 1927 322 1970 fenis
346 1927 521 1969 11110001·
544 1927 726 1977 zonden,
754 1927 797 1968 in
831 1926 958 1969 God’s
993 1926 1135 1979 liefde,
1161 1927 1324 1970 zonder
1357 1941 1481 1970 vrees
1515 1942 1622 1970 voor
1653 1930 1705 1972 de
1732 1943 1851 1972 men-

215 1999 364 2050 schen,
387 2002 473 2041 met
497 1998 548 2041 de
572 1999 732 2041 kracht
752 2012 838 2040 van
861 1998 943 2040 den
969 1998 1248 2041 hemelschen
1269 2002 1392 2054 geest
1416 2013 1468 2041 en
1487 2002 1577 2042 met
1599 2001 1650 2042 de
1672 2001 1784 2056 hoop
1804 2015 1856 2056 op

215 2084 322 2112 eene
345 2070 540 2125 eeuwige
565 2069 846 2124 belooning5.
883 2071 942 2111 De
976 2068 1238 2125 bepalingen
1271 2071 1526 2126 aangaande
1559 2071 1610 2113 de
1644 2073 1855 2128 moeilijk-

214 2141 353 2182 heden
393 2140 641 2197 oprijzende
675 2140 884 2182 tusschen
930 2140 980 2181 de
1022 2140 1261 2197 pauselijke
1306 2155 1358 2182 011
1403 2141 1454 2183 (10
1492 2141 1856 2198 bisschoppelijke

214 2211 441 2266 Inquisitie
464 2212 643 2254 worden
667 2215 754 2254 met
778 2225 864 2266 nog
888 2211 1144 2268 duidelijker
1167 2210 1503 2268 bewoordingen
1524 2215 1806 2256 omschreven
1823 2218 1851 2258 ⁴.

216 2410 378 2439 suorum,
396 2398 426 2433 si
440 2398 522 2442 ipsi,
540 2398 761 2434 dioecesanis
775 2399 997 2440 absentibus,
1018 2402 1223 2443 praesentes
1243 2399 1392 2441 fuerint,
1418 2401 1569 2436 consilio
1586 2401 1800 2445 procedatis,
1817 2405 1858 2437 ut

215 2454 254 2488 in
272 2456 393 2489 tantae
417 2453 741 2488 animadversionis
754 2454 893 2497 jiidicio
912 2466 985 2489 non
1013 2455 1261 2498 postponenda
1292 2454 1505 2498 pontificum
1530 2453 1727 2489 auctoritas
1751 2454 1857 2490 inter-

215 2509 331 2544 cedat.

263 2564 273 2585 ¹
306 2563 351 2598 Et
365 2563 395 2597 si
413 2563 531 2607 quiex
548 2563 593 2597 iis
609 2563 647 2598 in
665 2564 915 2607 prosecutione
928 2564 1138 2608 hujusmodi
1155 2564 1293 2608 negotii
1311 2565 1401 2598 forte
1419 2564 1648 2604 decesserint,
1667 2564 1717 2598 eis
1732 2576 1861 2607 pecca-

215 2621 334 2652 torum
356 2618 530 2660 omnium,
551 2618 594 2653 de
618 2619 749 2661 quibus
767 2620 873 2653 corde
898 2619 1046 2654 contriti
1065 2622 1100 2654 et
1126 2631 1187 2654 ore
1215 2619 1365 2654 confessi
1391 2618 1539 2661 fuerint,
1555 2619 1698 2662 plenam
1716 2618 1859 2653 veniam

216 2673 463 2717 indulgemus.

260 2729 274 2750 ⁹²
303 2728 439 2772 Ripoll,
459 2728 537 2763 deel
554 2728 583 2770 Ι,
601 2729 670 2762 blz.
683 2729 759 2770 512,
778 2736 816 2762 nr
834 2729 873 2760 12
889 2742 896 2771 3
915 2730 1070 2772 Corpus,
1089 2729 1157 2762 blz.
1176 2729 1331 2761 135-1539.

257 2783 270 2804 ³
299 2783 341 2817 In
358 2783 606 2818 remissionem
621 2783 884 2826 peccaminum,
960 2783 998 2817 in
1016 2783 1168 2818 caritate
1187 2783 1265 2824 Dei,
1283 2783 1472 2818 hominum
1497 2783 1627 2818 timore
1650 2782 1860 2827 postposito,

214 2837 388 2872 virtutem
406 2838 554 2881 spiritus
571 2838 762 2873 induentes
780 2850 823 2872 ex
840 2839 926 2879 alto,
1003 2839 1068 2872 sub
1086 2850 1147 2882 spe
1163 2838 1337 2873 mercedis
1362 2842 1543 2873 aeternae.

257 2892 272 2912 ⁴
303 2893 563 2927 Verumtamen
580 2892 654 2927 sive
688 2893 907 2928 auctoritate
932 2893 1120 2927 ordinaria
1145 2893 1219 2927 sive
1236 2904 1280 2927 ex
1298 2893 1524 2937 delegatione
1541 2892 1745 2936 praedictae
1770 2893 1862 2927 sedis

214 2946 461 2991 [apostolicae]
494 2947 603 2982 iidem
632 2948 836 2983 dioecesani
867 2948 904 2982 in
936 2947 1145 2992 hujusmodi
1176 2948 1321 2992 negotio
1354 2948 1606 2991 processerint,
1632 2959 1861 2991 nequaquam
