2220 3471
523 302 684 335 TEGEN
717 302 776 333 DE
808 298 1209 332 NEDERLANDSCHE
1241 276 1452 328 KETTERS
1750 296 1804 327 113

168 402 228 458 hij
264 414 347 443 aan
379 399 462 441 den
495 399 585 455 stijl
619 399 694 440 der
727 396 964 453 pauselijke
1000 395 1160 437 bullen.
1191 395 1391 435 Evenzoo
1418 393 1588 436 beveelt
1622 393 1699 449 hij,
1729 393 1803 435 dat

170 472 283 528 zijne
314 471 547 520 baroenen‚
584 469 803 525 baljuwen
838 482 890 509 en
923 467 1084 509 andere
1120 464 1395 507 ambtenaars
1429 468 1517 507 met
1539 465 1590 506 de
1614 465 1799 514 ketters,

172 543 277 585 door
298 542 350 584 de
382 539 635 597 geestelijke
659 540 854 581 reohters
881 536 1179 585 veroordeeffl,
1206 536 1382 591 spoedig
1405 536 1546 578 zullen
1582 536 1689 577 doen
1715 539 1803 577 wat

173 614 224 670 zij
251 614 359 655 doen
382 621 551 654 moeten
575 609 590 660 (
593 610 867 667 festinanter
888 609 1073 665 saciant
1095 606 1208 665 quod
1224 606 1455 663 debebunt).
1494 608 1612 650 Voor
1635 607 1685 648 de
1704 619 1805 648 aan-

173 685 365 739 houding
382 696 466 725 van
484 682 656 723 iederen
677 681 823 722 ketter
841 681 981 722 zullen
1001 680 1054 736 zij
1077 693 1182 721 eene
1200 678 1527 733 belooningvan
1548 681 1663 720 twee
1683 677 1805 719 mark

175 756 393 797 uitlooven
425 753 674 809 gedurende
698 752 748 793 de
771 756 885 792 twee
908 756 1049 793 eerste
1066 751 1215 806 Jaren,
1253 763 1336 792 van
1362 747 1441 791 een
1474 750 1595 791 mark
1623 749 1802 790 daarna.

175 828 234 869 De
267 825 571 881 begunstigers
605 824 680 865 der
712 823 879 864 ketters
912 822 1053 865 zullen
1089 822 1201 864 noch
1240 822 1305 863 als
1349 821 1554 876 getuigen
1600 820 1807 874 optreden

176 898 287 939 noch
301 896 475 939 ambten
489 895 724 937 bekleeden
741 895 849 935 noeh
869 893 1106 936 erfenissen
1129 905 1285 947 mogen
1305 896 1570 947 ontmngen,
1590 905 1642 933 en
1663 892 1809 933 hunne

175 967 386 1010 roerende
409 966 624 1022 goederen
647 965 788 1007 zullen
809 964 862 1020 zij
889 963 1147 1005 verbeuren.

238 1037 546 1094 Ongetwijfeld
584 1036 649 1078 zal
690 1035 914 1090 Lodewijk
951 1035 1001 1076 de
1037 1034 1204 1089 Heilige
1236 1035 1282 1076 in
1315 1034 1569 1076 denzelfden
1606 1036 1729 1089 geest
1761 1033 1813 1074 de

177 1109 583 1163 kettervervolging
615 1107 819 1163 geregeld
853 1105 1020 1147 hebben
1045 1107 1086 1148 in
1111 1106 1161 1147 de
1184 1105 1384 1148 verloren
1412 1110 1514 1156 Wet‚
1543 1105 1609 1147 die
1631 1107 1696 1147 tot
1729 1118 1812 1147 aan

178 1180 231 1222 de
252 1180 431 1223 Sohelde
454 1193 539 1222 van
563 1179 720 1221 kraeht
744 1182 886 1236 moest
903 1178 1005 1234 zijn.

239 1252 288 1293 In
308 1251 557 1306 September
582 1250 695 1292 1298
717 1248 884 1290 hebben
910 1249 979 1304 wij
1002 1248 1208 1304 eindelijk
1227 1262 1305 1290 een
1325 1248 1447 1290 bevel
1466 1263 1549 1290 van
1569 1247 1735 1301 Philips
1753 1247 1815 1287 IV

180 1322 262 1364 den
295 1322 490 1364 Sohoone
512 1326 542 1372 ⁴,
578 1321 747 1376 gerioht
780 1323 845 1362 tot
869 1320 908 1361 al
932 1320 1045 1375 zijne
1070 1320 1269 1360 vassalen
1293 1333 1346 1360 en
1371 1319 1648 1361 ambtenaars
1672 1319 1712 1359 in
1740 1317 1819 1359 het

180 1394 436 1449 koninkrijk
453 1393 688 1449 Frankrijk
708 1390 740 1444 2,
766 1391 943 1447 waarbij
964 1392 1022 1448 hij
1050 1392 1138 1433 hun
1156 1391 1438 1447 voorsehrijft
1463 1392 1513 1434 de
1530 1391 1818 1445 hisschoppen

183 1479 237 1507 en
260 1465 311 1506 de
335 1464 573 1520 pauselijke
596 1463 876 1518 inquisiteurs
900 1464 941 1504 in
966 1462 1017 1503 de
1042 1463 1442 1518 kettervervolging
1468 1466 1511 1504 te
1534 1463 1689 1517 helpen
1715 1475 1723 1503 :
1762 1461 1814 1516 zij

182 1539 353 1578 moeten
389 1536 438 1577 de
472 1535 738 1577 verdaehten
772 1534 1027 1576 aanhouden
1062 1548 1112 1574 en
1138 1548 1218 1574 ann
1253 1534 1304 1575 de
1337 1533 1588 1590 geestelijke
1622 1533 1820 1574 reebters

183 1607 440 1656 uitleveren‚
465 1605 591 1648 ofwel
612 1607 694 1647 11611
721 1619 948 1660 gevangen
973 1605 1159 1654 houden,
1191 1605 1332 1646 totdat
1364 1605 1416 1646 de
1441 1605 1694 1659 sehuldigen
1717 1604 1822 1644 door

184 1679 236 1721 de
267 1678 625 1721 kettermeesters
658 1676 941 1719 veroordeeld
965 1676 1142 1717 worden
1165 1690 1174 1726 ;
1202 1689 1383 1718 waarna
1410 1677 1463 1732 zij
1490 1676 1650 1717 zonder
1674 1675 1821 1717 uitstel

186 1750 291 1792 door
309 1749 360 1791 de
378 1749 651 1805 Wereldlijke
670 1748 814 1790 maeht
832 1761 940 1789 naar
962 1746 1178 1788 behooren
1203 1751 1371 1789 moeten
1390 1747 1576 1802 gestruft
1595 1747 1772 1788 worden
1787 1743 1819 1788 ³.

185 1822 245 1863 De
268 1821 434 1875 koning
459 1820 696 1870 verklaart,
721 1819 794 1862 dat
818 1819 895 1875 hij,
924 1831 999 1860 zoo
1018 1817 1278 1868 handelend‚
1308 1818 1358 1860 de
1382 1822 1667 1873 voetstappen
1687 1817 1824 1872 zijner

187 1892 450 1933 voorouders
474 1891 596 1946 volgt
614 1888 630 1911 4
651 1905 659 1939 ;
689 1904 785 1932 men
810 1893 939 1939 weet,
965 1889 1037 1931 dat
1057 1889 1279 1944 Lodewijk
1311 1889 1360 1930 de
1385 1890 1553 1945 Heilige
1576 1890 1661 1946 zijn
1681 1891 1826 1944 groot-

186 1962 321 2004 vader
343 1975 451 2005 wag.
479 1962 627 2004 Sehier
649 1962 860 2018 letterlijk
883 1962 917 2002 is
942 1961 1002 2002 dit
1024 1960 1270 2015 koninklijk
1302 1960 1423 2002 bevel
1449 1962 1825 2016 evergesehreven

188 2032 251 2075 uit
282 2033 360 2074 het
392 2033 640 2075 aehttiende
673 2032 906 2075 hoofflstuk
940 2046 1023 2074 van
1058 2031 1108 2073 de
1141 2031 1359 2086 afdeeling
1393 2031 1458 2074 De
1491 2031 1719 2074 haereticis
1742 2044 1827 2072 van

189 2104 435 2146 Bonifaoius
460 2105 600 2147 VIII's
624 2104 869 2146 decretalen
896 2103 940 2159 (3
964 2104 1106 2144 Maart
1131 2116 1218 2145 van
1244 2103 1458 2144 hetzelfde
1476 2104 1614 2159 jaar.)

251 2175 313 2231 Op
336 2176 411 2218 het
438 2176 562 2218 einde
586 2176 662 2217 der
687 2174 780 2219 13<le
799 2189 921 2219 eeuw
950 2175 984 2216 is
1007 2174 1130 2215 aldus
1154 2174 1346 2215 dezelfde
1371 2174 1640 2229 wereldlijke
1664 2175 1829 2227 Wetge—

190 2247 297 2303 ving
333 2251 462 2304 tegen
497 2249 549 2290 de
585 2247 753 2291 ketters
792 2262 844 2302 op
878 2247 929 2289 de
963 2246 1085 2288 beide
1125 2260 1277 2288 oevers
1316 2246 1392 2287 der
1430 2245 1612 2288 Schelde
1644 2245 1688 2285 in
1723 2256 1829 2285 onze

193 2319 545 2361 Nederlandsche
578 2323 801 2375 gewesten
835 2320 877 2360 in
912 2332 1085 2372 zwang,
1124 2318 1228 2358 door
1265 2318 1315 2359 de
1350 2317 1553 2360 Duitsche
1587 2316 1754 2357 keizers
1776 2329 1828 2357 en

195 2392 300 2433 door
323 2389 375 2432 de
398 2390 617 2445 koningen
640 2403 726 2432 van
748 2389 983 2445 Frankrijk
1018 2388 1332 2444 uitdrukkelijk
1367 2388 1742 2443 voorgesehreven
1777 2400 1828 2428 en

246 2597 254 2617 ¹
286 2595 546 2629 Ordomzances
563 2595 624 2629 des
642 2597 719 2629 rois
739 2596 782 2628 (Ie
799 2598 955 2636 Fremee,
974 2595 1051 2629 deel
1069 2594 1096 2635 Ι,
1114 2594 1179 2627 blz.
1198 2594 1275 2634 23:30,
1292 2594 1369 2627 331.

244 2650 257 2672 *²
286 2650 471 2685 Universis
488 2650 561 2684 suis
584 2651 749 2685 fidelibus
764 2650 802 2684 in
821 2654 894 2684 toto
912 2662 1024 2693 regim
1044 2649 1218 2682 Franciae
1236 2648 1439 2682 constitutis
1457 2648 1606 2682 salutem
1625 2651 1659 2682 ot
1672 2647 1832 2681 dilectio-

198 2719 280 2742 nem
301 2735 306 2741 .
329 2732 336 2739 .
359 2732 366 2739 .
390 2734 396 2740 .
418 2707 603 2740 Universis
626 2707 729 2750 regni
748 2708 860 2740 nostri
878 2706 1043 2745 ducibus,
1060 2704 1263 2745 comitibus,
1282 2704 1477 2737 baronibus
1496 2715 1633 2737 necnon
1649 2706 1683 2737 et
1697 2703 1836 2737 univer-

198 2762 246 2796 sis
259 2762 476 2801 senescallis,
486 2760 654 2801 baillivis,
669 2761 878 2804 praepositis
892 2759 1308 2802 ceterisquejustitiariis
1321 2758 1547 2802 injungimue=
1561 2763 1595 2792 et
1608 2759 1831 2791 mandamus.

247 2817 260 2837 ⁵
286 2817 406 2851 Donec
432 2828 556 2850 eorum
581 2815 766 2859 negotium
793 2827 855 2858 per
868 2815 1039 2849 ccclesiae
1050 2814 1232 2857 judicium
1248 2813 1477 2853 terminetur,
1499 2818 1607 2856 utque
1624 2814 1667 2846 de
1680 2811 1796 2846 heresi
1813 2823 1834 2843 u,

201 2872 391 2906 diocesano
416 2871 581 2914 episeopo
606 2871 661 2904 vel
686 2870 897 2913 inquisitore
921 2881 981 2903 seu
1009 2868 1280 2911 i11‹‘1uisitoribus
1305 2869 1583 2911 condempnatos
1607 2868 1673 2901 sibi
1692 2867 1836 2901 relictos

201 2927 322 2962 statim
336 2927 513 2970 recipiant
526 2926 677 2960 indilate
695 2925 1004 2959 animadversione
1021 2923 1141 2958 debita
1158 2924 1370 2967 puniendos.

248 2982 263 3003 ⁴
291 2982 571 3026 Progenitorum
589 2984 795 3015 nostrorum
815 2980 974 3024 vestigiis
990 2979 1208 3013 inherentes·

1687 3032 1708 3061 8
