2220 3471
599 295 787 328 TIJDENS
819 295 878 327 DE
914 294 1183 327 DERTIENDE
1219 286 1355 326 EEUW
1770 294 1810 326 83

179 391 384 447 kondigd‚
422 392 566 435 wordt
604 393 996 448 voorgesohreven,
1035 392 1108 434 dat
1141 391 1191 434 de
1229 390 1442 434 absolutie
1483 403 1588 432 voor
1633 389 1811 447 ketterij

180 462 388 518 (alsmede
413 476 518 505 voor
541 463 695 506 enkele
717 463 877 505 andere
912 462 1207 518 doodzonden)
1230 475 1311 504 aan
1336 461 1418 504 den
1452 460 1652 516 bisschop
1686 474 1818 503 voor-

180 533 407 575 behouden
429 532 566 589 blijft;
588 534 765 577 daartoe
783 534 870 576 kan
890 534 941 576 de
961 532 1212 588 kerkvoogd
1232 531 1542 588 afzonderlijke
1561 531 1817 588 geestelijke

180 604 378 646 rechters
400 605 662 656 aanstellen,
691 618 811 646 maar
845 605 946 646 deze
982 618 1137 659 mogen
1162 604 1280 645 zelve
1304 604 1452 645 111111116
1486 603 1822 658 plaatsvervan-

181 688 281 730 gers
303 675 393 718 niet
416 675 675 718 aanduiden.
702 675 827 717 Ieder
859 675 1048 731 priester
1081 675 1123 716 in
1160 674 1272 730 zijne
1308 673 1512 729 parochie
1545 674 1612 715 zal
1645 673 1700 730 bij
1737 674 1820 716 den

184 745 382 801 bisschop
407 745 454 787 of
470 746 614 802 zijnen
650 745 828 787 offioiaal
863 744 1129 800 schriftelijk
1163 744 1427 799 aanklagen‚
1456 744 1583 786 alwie
1615 743 1706 786 niet
1740 757 1821 786 een

181 816 293 859 maal
318 816 360 858 in
385 817 415 858 ’t
431 816 532 872 jaar
549 815 753 871 gebiecht
777 815 911 866 heeft,
941 829 1010 857 om
1034 829 1080 857 ze
1103 818 1147 857 te
1172 814 1366 858 straffen.
1390 815 1590 857 Evenzoo
1613 814 1822 858 bevatten

182 887 234 929 de
267 887 472 943 synodale
507 890 701 930 statuten
721 885 732 906 ¹
769 900 852 928 van
886 887 968 929 Jan
993 886 1033 928 Π
1065 899 1149 928 van
1175 885 1321 942 Zyrik‚
1361 885 1702 941 prins-bissehop
1737 899 1823 928 van

181 960 370 1002 Utrecht
405 958 482 1016 (14
504 959 627 1014 April
655 959 804 1012 1294),
841 958 1102 1013 bepalingen
1137 971 1240 1000 over
1272 958 1324 1000 de
1358 958 1716 1013 onderdrukking
1749 957 1826 1000 der

180 1030 373 1087 ketterij.
411 1030 507 1072 Aan
541 1030 652 1086 zijne
690 1030 1023 1086 geestelijkheid
1066 1028 1239 1071 beveelt
1281 1029 1332 1071 de
1366 1029 1657 1072 Utreohtsche
1690 1030 1824 1071 kerk-

181 1101 336 1157 voogd,
374 1114 426 1156 op
451 1100 566 1143 straf
584 1114 670 1143 van
694 1101 776 1143 den
810 1100 1088 1157 kerkelijken
1122 1100 1221 1148 ban,
1243 1100 1316 1143 dat
1356 1100 1513 1143 zekere
1547 1100 1825 1143 overtreders

183 1172 260 1215 der
277 1171 535 1228 geestelijke
554 1174 737 1222 wetten,
763 1171 1024 1214 waaronder
1041 1171 1093 1213 de
1115 1171 1302 1222 ketters,
1325 1185 1506 1213 nameus
1525 1171 1608 1214 den
1627 1171 1825 1226 bisschop

184 1244 247 1286 als
269 1242 617 1299 gebanvloekten
641 1243 834 1299 pleohtig
852 1246 920 1285 ter
938 1242 1106 1285 kerken
1127 1245 1297 1285 moeten
1319 1242 1602 1298 uitgeroepen
1625 1243 1824 1294 worden,

187 1329 241 1357 en
276 1314 337 1357 dit
370 1318 485 1358 tWee
518 1315 629 1357 maal
652 1315 682 1356 's
701 1315 840 1371 jwrs,
869 1317 911 1357 te
935 1318 1082 1358 Weten
1116 1314 1198 1356 den
1234 1317 1406 1357 eersten
1441 1315 1609 1370 zondag
1634 1328 1719 1357 van
1752 1314 1829 1357 het

187 1384 363 1430 Advent
406 1400 459 1428 en
504 1386 587 1429 den
628 1386 796 1441 zondag
839 1400 896 1428 na
929 1386 1353 1442 Assohewoensdag.
1394 1386 1492 1428 Van
1535 1385 1827 1441 zulkdanigen

187 1470 341 1512 mogen
366 1470 502 1513 geene
526 1456 775 1500 offeranden
798 1458 978 1499 worden
1002 1470 1324 1512 aangenomen3
1353 1458 1404 1514 zij
1431 1459 1603 1500 moeten
1636 1457 1719 1500 ook
1744 1470 1831 1500 van

186 1528 271 1571 alle
295 1531 601 1572 sacramenten
622 1542 675 1571 en
700 1543 784 1571 van
807 1528 859 1571 de
882 1527 1124 1584 begraving
1146 1528 1190 1570 in
1214 1529 1266 1570 de
1289 1514 1475 1586 gewijde
1499 1528 1630 1571 aarde
1653 1527 1830 1571 beroofd

189 1599 385 1642 worden.
408 1601 467 1642 De
485 1600 695 1655 priesters
714 1600 854 1642 zullen
873 1601 949 1643 het
967 1599 1218 1656 Latijnsehe
1237 1601 1424 1657 rijmpje‚
1448 1600 1519 1643 dat
1537 1600 1588 1642 de
1606 1599 1830 1655 bissohop-

188 1672 351 1729 pelijke
374 1673 574 1728 gevallen
601 1676 786 1728 opsomt,
813 1686 896 1715 aan
919 1672 949 1715 ’t
972 1672 1073 1715 volk
1097 1686 1148 1727 op
1183 1671 1265 1714 den
1299 1672 1566 1727 predikstoel
1599 1672 1830 1715 voorlezen

190 1757 241 1786 en
268 1743 311 1786 in
333 1743 385 1786 de
409 1743 674 1787 moedertaal
693 1744 936 1800 uitleggen.

248 1816 328 1858 Dat
372 1815 423 1858 de
460 1815 815 1859 Nederlandsche
854 1816 1052 1871 prelaten
1086 1818 1326 1871 tegenover
1349 1816 1400 1858 de
1423 1816 1592 1859 ketters
1626 1829 1711 1859 van
1737 1815 1828 1858 hun

189 1886 420 1943 geestelijk
455 1886 606 1943 gebied
647 1887 736 1931 niet
769 1888 1080 1930 onwerkzaam
1123 1886 1294 1938 bleven,
1331 1886 1504 1944 bewijst
1548 1887 1599 1929 de
1632 1886 1827 1942 houding

190 1971 275 2001 van
299 1961 412 2001 twee
437 1958 706 2014 opvolgende
722 1958 1013 2014 bissohoppen
1034 1972 1119 2001 van
1143 1959 1388 2015 Kamerijk.

237 2116 248 2138 ¹
276 2115 408 2157 Mansi,
423 2116 503 2151 deel
519 2116 656 2157 XXIV,
676 2117 742 2151 blz.
763 2116 869 2159 1129;
893 2116 1048 2160 Corpus,
1067 2116 1147 2150 deel
1165 2116 1192 2158 I,
1207 2117 1273 2150 blz.
1293 2116 1365 2156 148,
1387 2116 1469 2150 140:
1491 2116 1580 2150 Item
1594 2115 1835 2160 praecipimus

191 2171 256 2204 sub
274 2181 389 2214 poena
406 2171 790 2206 excommunicationis
811 2199 817 2205 .
841 2196 848 2204 .
869 2197 875 2203 .
894 2171 1096 2206 haereticos
1118 2196 1125 2203 .
1147 2197 1153 2204 .
1175 2195 1182 2203 .
1205 2199 1213 2211 ‚
1230 2170 1298 2204 nisi
1316 2171 1360 2204 ad
1376 2170 1558 2214 gremium
1576 2170 1702 2205 matris
1718 2171 1836 2204 ecele-

160 2221 164 2223 ’
191 2224 266 2259 siae
281 2228 510 2260 revertantur
526 2228 559 2260 et
577 2226 823 2266 absolvantur,
841 2225 896 2260 bis
912 2226 950 2259 in
968 2237 1062 2260 anno
1087 2225 1305 2260 auctoritate
1322 2229 1444 2260 nostra
1461 2225 1674 2259 denunciari
1692 2225 1836 2268 publice

192 2279 534 2321 excommunicatos,
560 2280 730 2315 videlieet
752 2280 871 2324 prima
896 2280 1087 2314 Dominioa
1111 2280 1286 2314 adventus
1315 2279 1461 2314 Domini
1486 2282 1520 2314 et
1545 2279 1735 2314 Dominioa
1758 2281 1837 2322 post

194 2334 351 2375 Cineres,
378 2335 547 2370 videlicet
570 2335 760 2369 Invocavz'c
783 2347 852 2369 me.
879 2336 954 2369 Nee
978 2337 1023 2369 ab
1048 2334 1181 2369 eisdem
1208 2334 1408 2369 oblationes
1425 2334 1603 2377 recipiant
1621 2345 1686 2369 nec
1702 2334 1837 2368 eisdem

192 2392 419 2424 sacramenta
435 2389 689 2424 ministrentur
705 2392 739 2424 et
758 2390 804 2424 ad
819 2390 1042 2433 sepulturam
1059 2388 1341 2423 ecclesiasticam
1359 2388 1508 2422 minime
1525 2388 1765 2423 admittantur
1769 2412 1838 2422 .....

192 2443 297 2485 Item,
322 2444 578 2487 praecipimus,
603 2447 644 2479 ut
667 2444 820 2487 quilibet
844 2447 991 2479 curatus
1014 2444 1145 2478 habeat
1173 2455 1297 2477 versus
1322 2444 1365 2478 de
1395 2443 1537 2477 casibus
1561 2442 1836 2486 episcopalibus,

194 2498 238 2532 de
262 2498 393 2540 quibus
416 2499 483 2533 soli
507 2499 575 2542 ipsi
599 2502 634 2533 et
657 2499 860 2542 superiores
884 2499 1018 2533 habent
1042 2499 1227 2533 absolvere
1252 2510 1315 2532 seu
1340 2498 1394 2532 illi
1416 2498 1477 2541 qui
1492 2499 1536 2531 ab
1554 2497 1688 2532 eisdem
1704 2497 1839 2531 habent

194 2554 430 2595 potestatem3
457 2555 492 2587 et
516 2554 632 2596 primo
658 2565 761 2587 casus
784 2554 955 2597 legantur
978 2553 1017 2587 111
1041 2553 1154 2588 latina
1178 2556 1213 2587 et
1238 2555 1360 2596 postea
1382 2553 1509 2597 lingua
1526 2555 1689 2587 materna
1706 2552 1839 2595 populo

197 2609 426 2650 exponantur
442 2607 501 2642 isti
519 2619 642 2642 versus
663 2620 669 2641 :

509 2662 579 2702 Qui
597 2662 684 2697 sac-it
700 2662 889 2704 incestum,
907 2663 1085 2697 deflorans
1102 2666 1165 2697 aut
1182 2662 1376 2704 homicida,

507 2717 728 2761 Sacrilegus,
746 2725 890 2760 patrum
908 2729 1096 2760 percussor
1113 2718 1168 2752 vel
1182 2718 1371 2759 sodomita,

505 2772 765 2815 Transgressor
789 2771 875 2814 voti,
894 2774 1061 2815 perjurus
1078 2772 1343 2815 sortilegusque

507 2827 551 2859 Et
568 2826 719 2860 mentita
736 2826 834 2866 fides,
854 2825 989 2860 faciens
1006 2826 1227 2866 incondium,
1253 2826 1364 2869 prolis

509 2881 718 2923 oppressor,
746 2880 986 2923 blasphemus,
1017 2880 1223 2914 hacreticus
1248 2883 1368 2914 onmis
1391 2881 1542 2915 aduitus

506 2935 722 2969 Pontificem
744 2947 852 2978 super
875 2935 932 2969 his
955 2947 1095 2978 semper
1118 2935 1267 2970 devotus
1292 2935 1419 2970 adibit.

250 2989 347 3024 Door
359 2991 530 3033 pontifex
546 2990 662 3027 wordt
678 2990 758 3027 hier
776 2990 957 3033 blijkbaar
973 2991 1016 3027 de
1033 2990 1198 3034 bisschop
1212 2990 1372 3026 bedoeld.
