<?xml version="1.0" encoding="UTF-8"?>
<!DOCTYPE html PUBLIC "-//W3C//DTD XHTML 1.0 Transitional//EN"
    "http://www.w3.org/TR/xhtml1/DTD/xhtml1-transitional.dtd">
<html xmlns="http://www.w3.org/1999/xhtml" xml:lang="en" lang="en">
 <head>
  <title>
</title>
<meta http-equiv="Content-Type" content="text/html;charset=utf-8" />
  <meta name='ocr-system' content='tesseract 3.04.00' />
  <meta name='ocr-capabilities' content='ocr_page ocr_carea ocr_par ocr_line ocrx_word'/>
</head>
<body>
  <div class='ocr_page' id='page_1' title='image "./inquisitiohaeret01fruoft/inquisitiohaeret01fruoft_0036.png"; bbox 0 0 2220 3471; ppageno 0'>
   <div class='ocr_carea' id='block_1_1' title="bbox 331 285 1509 322">
    <p class='ocr_par' dir='ltr' id='par_1_1' title="bbox 331 285 1509 322">
     <span class='ocr_line' id='line_1_1' title="bbox 331 285 1509 322; baseline -0.003 0"><span class='ocrx_word' id='word_1_1' title='bbox 331 289 347 322; x_wconf 89' lang='lat'>1</span> <span class='ocrx_word' id='word_1_2' title='bbox 355 289 374 321; x_wconf 84' lang='lat'>4</span> <span class='ocrx_word' id='word_1_3' title='bbox 717 288 776 320; x_wconf 87' lang='lat' dir='ltr'>DE</span> <span class='ocrx_word' id='word_1_4' title='bbox 807 285 1223 319; x_wconf 85' lang='lat' dir='ltr'>BISSCHOPPELIJKE</span> <span class='ocrx_word' id='word_1_5' title='bbox 1256 285 1509 321; x_wconf 89' lang='lat' dir='ltr'><strong>INQUISITIE</strong></span> 
     </span>
    </p>
   </div>
   <div class='ocr_carea' id='block_1_2' title="bbox 324 383 1955 864">
    <p class='ocr_par' dir='ltr' id='par_1_2' title="bbox 324 383 1955 864">
     <span class='ocr_line' id='line_1_2' title="bbox 329 383 1946 442; baseline 0.001 -14"><span class='ocrx_word' id='word_1_6' title='bbox 329 385 558 442; x_wconf 82' lang='lat' dir='ltr'>beweging</span> <span class='ocrx_word' id='word_1_7' title='bbox 588 385 764 428; x_wconf 86' lang='lat' dir='ltr'>kunnen</span> <span class='ocrx_word' id='word_1_8' title='bbox 798 384 1002 428; x_wconf 78' lang='lat' dir='ltr'>afkee&#39;ren</span> <span class='ocrx_word' id='word_1_9' title='bbox 1038 388 1065 427; x_wconf 91' lang='lat'>¹.</span> <span class='ocrx_word' id='word_1_10' title='bbox 1102 384 1226 426; x_wconf 89' lang='lat' dir='ltr'>God’s</span> <span class='ocrx_word' id='word_1_11' title='bbox 1260 383 1430 426; x_wconf 85' lang='lat' dir='ltr'>oordeel</span> <span class='ocrx_word' id='word_1_12' title='bbox 1463 384 1498 428; x_wconf 90' lang='lat' dir='ltr'>is</span> <span class='ocrx_word' id='word_1_13' title='bbox 1530 383 1946 441; x_wconf 81' lang='lat' dir='ltr'>ondoordringbaar.</span> 
     </span>
     <span class='ocr_line' id='line_1_3' title="bbox 327 454 1952 513; baseline -0.001 -13"><span class='ocrx_word' id='word_1_14' title='bbox 327 457 536 501; x_wconf 80' lang='lat' dir='ltr'>Wellieht</span> <span class='ocrx_word' id='word_1_15' title='bbox 578 458 641 499; x_wconf 85' lang='lat' dir='ltr'>zal</span> <span class='ocrx_word' id='word_1_16' title='bbox 681 457 750 513; x_wconf 89' lang='lat' dir='ltr'>Hij</span> <span class='ocrx_word' id='word_1_17' title='bbox 797 456 931 499; x_wconf 87' lang='lat' dir='ltr'>boven</span> <span class='ocrx_word' id='word_1_18' title='bbox 973 469 1051 498; x_wconf 84' lang='lat' dir='ltr'>ons</span> <span class='ocrx_word' id='word_1_19' title='bbox 1083 456 1122 497; x_wconf 89' lang='lat' dir='ltr'>in</span> <span class='ocrx_word' id='word_1_20' title='bbox 1153 456 1180 497; x_wconf 90' lang='lat' dir='ltr'>’t</span> <span class='ocrx_word' id='word_1_21' title='bbox 1214 455 1434 498; x_wconf 87' lang='lat' dir='ltr'>hemelsch</span> <span class='ocrx_word' id='word_1_22' title='bbox 1480 454 1714 498; x_wconf 88' lang='lat' dir='ltr'>vaderland</span> <span class='ocrx_word' id='word_1_23' title='bbox 1757 456 1952 512; x_wconf 77' lang='lat' dir='ltr'>degeneri</span> 
     </span>
     <span class='ocr_line' id='line_1_4' title="bbox 327 526 1953 585; baseline 0.001 -16"><span class='ocrx_word' id='word_1_24' title='bbox 327 529 496 580; x_wconf 87' lang='lat' dir='ltr'>stelleu,</span> <span class='ocrx_word' id='word_1_25' title='bbox 523 528 589 570; x_wconf 89' lang='lat' dir='ltr'>die</span> <span class='ocrx_word' id='word_1_26' title='bbox 612 529 682 585; x_wconf 86' lang='lat' dir='ltr'>wij</span> <span class='ocrx_word' id='word_1_27' title='bbox 709 542 766 570; x_wconf 90' lang='lat' dir='ltr'>nu</span> <span class='ocrx_word' id='word_1_28' title='bbox 791 528 853 570; x_wconf 77' lang='lat' dir='ltr'>als</span> <span class='ocrx_word' id='word_1_29' title='bbox 878 527 989 584; x_wconf 81' lang='lat' dir='ltr'>zijne</span> <span class='ocrx_word' id='word_1_30' title='bbox 1013 526 1214 583; x_wconf 81' lang='lat' dir='ltr'>vijanden</span> <span class='ocrx_word' id='word_1_31' title='bbox 1247 526 1551 569; x_wconf 86' lang='lat' dir='ltr'>beschouwen.</span> <span class='ocrx_word' id='word_1_32' title='bbox 1581 528 1690 570; x_wconf 89' lang='lat' dir='ltr'>Was</span> <span class='ocrx_word' id='word_1_33' title='bbox 1713 527 1764 570; x_wconf 93' lang='lat' dir='ltr'>de</span> <span class='ocrx_word' id='word_1_34' title='bbox 1788 528 1953 582; x_wconf 89' lang='lat' dir='ltr'>apostel</span> 
     </span>
     <span class='ocr_line' id='line_1_5' title="bbox 326 597 1954 654; baseline 0.001 -13"><span class='ocrx_word' id='word_1_35' title='bbox 326 600 486 642; x_wconf 82' lang='lat' dir='ltr'>Paulus</span> <span class='ocrx_word' id='word_1_36' title='bbox 519 601 606 643; x_wconf 89' lang='lat' dir='ltr'>niet</span> <span class='ocrx_word' id='word_1_37' title='bbox 639 601 756 642; x_wconf 85' lang='lat' dir='ltr'>eerst</span> <span class='ocrx_word' id='word_1_38' title='bbox 787 613 865 641; x_wconf 90' lang='lat' dir='ltr'>een</span> <span class='ocrx_word' id='word_1_39' title='bbox 901 598 1128 654; x_wconf 82' lang='lat' dir='ltr'>vervolger</span> <span class='ocrx_word' id='word_1_40' title='bbox 1160 597 1237 640; x_wconf 86' lang='lat' dir='ltr'>der</span> <span class='ocrx_word' id='word_1_41' title='bbox 1269 597 1636 652; x_wconf 72' lang='lat' dir='ltr'>christenen?‚De</span> <span class='ocrx_word' id='word_1_42' title='bbox 1669 597 1954 654; x_wconf 89' lang='lat' dir='ltr'>bisschoppen</span> 
     </span>
     <span class='ocr_line' id='line_1_6' title="bbox 325 667 1950 727; baseline 0.001 -15"><span class='ocrx_word' id='word_1_43' title='bbox 325 671 410 727; x_wconf 88' lang='lat' dir='ltr'>zijn</span> <span class='ocrx_word' id='word_1_44' title='bbox 459 671 548 715; x_wconf 90' lang='lat' dir='ltr'>niet</span> <span class='ocrx_word' id='word_1_45' title='bbox 586 670 753 726; x_wconf 81' lang='lat' dir='ltr'>gezalfd</span> <span class='ocrx_word' id='word_1_46' title='bbox 802 684 869 712; x_wconf 87' lang='lat' dir='ltr'>om</span> <span class='ocrx_word' id='word_1_47' title='bbox 909 674 950 712; x_wconf 90' lang='lat' dir='ltr'>te</span> <span class='ocrx_word' id='word_1_48' title='bbox 989 669 1168 719; x_wconf 85' lang='lat' dir='ltr'>dooden‚</span> <span class='ocrx_word' id='word_1_49' title='bbox 1207 682 1327 712; x_wconf 66' lang='lat' dir='ltr'>maai·</span> <span class='ocrx_word' id='word_1_50' title='bbox 1366 682 1433 712; x_wconf 90' lang='lat' dir='ltr'>om</span> <span class='ocrx_word' id='word_1_51' title='bbox 1473 669 1627 712; x_wconf 91' lang='lat' dir='ltr'>levend</span> <span class='ocrx_word' id='word_1_52' title='bbox 1664 673 1709 712; x_wconf 84' lang='lat' dir='ltr'>te</span> <span class='ocrx_word' id='word_1_53' title='bbox 1747 671 1904 713; x_wconf 85' lang='lat' dir='ltr'>maken</span> <span class='ocrx_word' id='word_1_54' title='bbox 1919 667 1950 713; x_wconf 82' lang='lat'>².</span> 
     </span>
     <span class='ocr_line' id='line_1_7' title="bbox 324 738 1955 794; baseline 0 -12"><span class='ocrx_word' id='word_1_55' title='bbox 324 740 579 782; x_wconf 87' lang='lat' dir='ltr'>Intusschen</span> <span class='ocrx_word' id='word_1_56' title='bbox 615 743 782 782; x_wconf 90' lang='lat' dir='ltr'>moeten</span> <span class='ocrx_word' id='word_1_57' title='bbox 805 739 856 781; x_wconf 92' lang='lat' dir='ltr'>de</span> <span class='ocrx_word' id='word_1_58' title='bbox 880 738 1049 782; x_wconf 86' lang='lat' dir='ltr'>ketters</span> <span class='ocrx_word' id='word_1_59' title='bbox 1084 742 1170 781; x_wconf 89' lang='lat' dir='ltr'>met</span> <span class='ocrx_word' id='word_1_60' title='bbox 1194 738 1341 781; x_wconf 85' lang='lat' dir='ltr'>hunne</span> <span class='ocrx_word' id='word_1_61' title='bbox 1373 739 1652 794; x_wconf 85' lang='lat' dir='ltr'>aanhangers</span> <span class='ocrx_word' id='word_1_62' title='bbox 1675 738 1737 781; x_wconf 88' lang='lat' dir='ltr'>uit</span> <span class='ocrx_word' id='word_1_63' title='bbox 1759 738 1811 781; x_wconf 95' lang='lat' dir='ltr'>de</span> <span class='ocrx_word' id='word_1_64' title='bbox 1834 739 1955 782; x_wconf 87' lang='lat' dir='ltr'>Kerk</span> 
     </span>
     <span class='ocr_line' id='line_1_8' title="bbox 325 806 1954 864; baseline 0 -14"><span class='ocrx_word' id='word_1_65' title='bbox 325 807 550 864; x_wconf 80' lang='lat' dir='ltr'>gebannen</span> <span class='ocrx_word' id='word_1_66' title='bbox 590 809 783 859; x_wconf 78' lang='lat' dir='ltr'><strong>worden,</strong></span> <span class='ocrx_word' id='word_1_67' title='bbox 816 821 867 850; x_wconf 90' lang='lat' dir='ltr'>en</span> <span class='ocrx_word' id='word_1_68' title='bbox 891 807 974 850; x_wconf 90' lang='lat' dir='ltr'>den</span> <span class='ocrx_word' id='word_1_69' title='bbox 1011 807 1265 863; x_wconf 85' lang='lat' dir='ltr'>geloovigen</span> <span class='ocrx_word' id='word_1_70' title='bbox 1304 807 1368 849; x_wconf 78' lang='lat' dir='ltr'>zal</span> <span class='ocrx_word' id='word_1_71' title='bbox 1394 821 1490 850; x_wconf 90' lang='lat' dir='ltr'>men</span> <span class='ocrx_word' id='word_1_72' title='bbox 1530 806 1710 850; x_wconf 90' lang='lat' dir='ltr'>bevelen</span> <span class='ocrx_word' id='word_1_73' title='bbox 1752 807 1848 850; x_wconf 88' lang='lat' dir='ltr'>zich</span> <span class='ocrx_word' id='word_1_74' title='bbox 1871 821 1954 851; x_wconf 87' lang='lat' dir='ltr'>van</span> 
     </span>
    </p>
   </div>
   <div class='ocr_carea' id='block_1_3' title="bbox 321 878 1958 1868">
    <p class='ocr_par' dir='ltr' id='par_1_3' title="bbox 323 878 1957 1009">
     <span class='ocr_line' id='line_1_9' title="bbox 323 878 1957 935; baseline 0 -13"><span class='ocrx_word' id='word_1_75' title='bbox 323 880 408 922; x_wconf 91' lang='lat' dir='ltr'>hen</span> <span class='ocrx_word' id='word_1_76' title='bbox 442 879 729 935; x_wconf 84' lang='lat' dir='ltr'>asgezonderd</span> <span class='ocrx_word' id='word_1_77' title='bbox 762 883 804 923; x_wconf 88' lang='lat' dir='ltr'>te</span> <span class='ocrx_word' id='word_1_78' title='bbox 838 879 1029 930; x_wconf 89' lang='lat' dir='ltr'>houden;</span> <span class='ocrx_word' id='word_1_79' title='bbox 1070 882 1190 921; x_wconf 86' lang='lat' dir='ltr'>want</span> <span class='ocrx_word' id='word_1_80' title='bbox 1222 878 1348 922; x_wconf 82' lang='lat' dir='ltr'>alwie</span> <span class='ocrx_word' id='word_1_81' title='bbox 1371 878 1454 934; x_wconf 88' lang='lat' dir='ltr'>pek</span> <span class='ocrx_word' id='word_1_82' title='bbox 1487 879 1716 931; x_wconf 86' lang='lat' dir='ltr'>aanraakt,</span> <span class='ocrx_word' id='word_1_83' title='bbox 1743 879 1886 923; x_wconf 84' lang='lat' dir='ltr'>wordt</span> <span class='ocrx_word' id='word_1_84' title='bbox 1909 893 1957 922; x_wconf 89' lang='lat' dir='ltr'>er</span> 
     </span>
     <span class='ocr_line' id='line_1_10' title="bbox 329 949 728 1009; baseline 0.003 -16"><span class='ocrx_word' id='word_1_85' title='bbox 329 951 431 1009; x_wconf 83' lang='lat' dir='ltr'>door</span> <span class='ocrx_word' id='word_1_86' title='bbox 453 951 681 994; x_wconf 90' lang='lat' dir='ltr'>bezoedeld</span> <span class='ocrx_word' id='word_1_87' title='bbox 696 949 728 994; x_wconf 83' lang='lat'>³.</span> 
     </span>
    </p>

    <p class='ocr_par' dir='ltr' id='par_1_4' title="bbox 323 1021 1957 1424">
     <span class='ocr_line' id='line_1_11' title="bbox 384 1021 1955 1079; baseline -0.001 -14"><span class='ocrx_word' id='word_1_88' title='bbox 384 1023 493 1065; x_wconf 89' lang='lat' dir='ltr'>Deze</span> <span class='ocrx_word' id='word_1_89' title='bbox 525 1023 752 1079; x_wconf 83' lang='lat' dir='ltr'>prachtige</span> <span class='ocrx_word' id='word_1_90' title='bbox 784 1021 899 1065; x_wconf 83' lang='lat' dir='ltr'>brief</span> <span class='ocrx_word' id='word_1_91' title='bbox 919 1036 1001 1065; x_wconf 90' lang='lat' dir='ltr'>van</span> <span class='ocrx_word' id='word_1_92' title='bbox 1035 1021 1232 1077; x_wconf 90' lang='lat' dir='ltr'>bisschop</span> <span class='ocrx_word' id='word_1_93' title='bbox 1266 1023 1405 1066; x_wconf 88' lang='lat' dir='ltr'>Wazo</span> <span class='ocrx_word' id='word_1_94' title='bbox 1428 1021 1550 1065; x_wconf 85' lang='lat' dir='ltr'>werd</span> <span class='ocrx_word' id='word_1_95' title='bbox 1573 1035 1651 1065; x_wconf 90' lang='lat' dir='ltr'>ons</span> <span class='ocrx_word' id='word_1_96' title='bbox 1674 1021 1780 1065; x_wconf 87' lang='lat' dir='ltr'>door</span> <span class='ocrx_word' id='word_1_97' title='bbox 1811 1021 1955 1078; x_wconf 89' lang='lat' dir='ltr'>zijnen</span> 
     </span>
     <span class='ocr_line' id='line_1_12' title="bbox 323 1093 1957 1151; baseline 0 -14"><span class='ocrx_word' id='word_1_98' title='bbox 323 1094 755 1151; x_wconf 79' lang='lat' dir='ltr'>levensbeschrijVer,</span> <span class='ocrx_word' id='word_1_99' title='bbox 784 1093 866 1136; x_wconf 88' lang='lat' dir='ltr'>den</span> <span class='ocrx_word' id='word_1_100' title='bbox 891 1093 1134 1136; x_wconf 89' lang='lat' dir='ltr'>Luikschen</span> <span class='ocrx_word' id='word_1_101' title='bbox 1157 1093 1387 1136; x_wconf 84' lang='lat' dir='ltr'>kanunnik</span> <span class='ocrx_word' id='word_1_102' title='bbox 1412 1093 1660 1145; x_wconf 88' lang='lat' dir='ltr'>Anselmus,</span> <span class='ocrx_word' id='word_1_103' title='bbox 1688 1093 1754 1136; x_wconf 91' lang='lat' dir='ltr'>die</span> <span class='ocrx_word' id='word_1_104' title='bbox 1776 1094 1877 1136; x_wconf 85' lang='lat' dir='ltr'>kort</span> <span class='ocrx_word' id='word_1_105' title='bbox 1901 1107 1957 1137; x_wconf 87' lang='lat' dir='ltr'>na</span> 
     </span>
     <span class='ocr_line' id='line_1_13' title="bbox 329 1162 1955 1221; baseline -0.001 -12"><span class='ocrx_word' id='word_1_106' title='bbox 329 1166 498 1209; x_wconf 88' lang='lat' dir='ltr'>Wazo&#39;s</span> <span class='ocrx_word' id='word_1_107' title='bbox 535 1165 642 1208; x_wconf 91' lang='lat' dir='ltr'>dood</span> <span class='ocrx_word' id='word_1_108' title='bbox 681 1162 895 1216; x_wconf 77' lang='lat' dir='ltr'>schreef⁴,</span> <span class='ocrx_word' id='word_1_109' title='bbox 929 1167 1016 1207; x_wconf 87' lang='lat' dir='ltr'>met</span> <span class='ocrx_word' id='word_1_110' title='bbox 1055 1163 1402 1208; x_wconf 85' lang='lat' dir='ltr'>bewonderende</span> <span class='ocrx_word' id='word_1_111' title='bbox 1438 1164 1719 1221; x_wconf 82' lang='lat' dir='ltr'>instemming</span> <span class='ocrx_word' id='word_1_112' title='bbox 1757 1164 1955 1221; x_wconf 87' lang='lat' dir='ltr'>medege-</span> 
     </span>
     <span class='ocr_line' id='line_1_14' title="bbox 324 1235 1956 1293; baseline -0.001 -13"><span class='ocrx_word' id='word_1_113' title='bbox 324 1237 461 1280; x_wconf 93' lang='lat' dir='ltr'>deeld.</span> <span class='ocrx_word' id='word_1_114' title='bbox 491 1255 507 1277; x_wconf 72' lang='grc' dir='ltr'>α</span> <span class='ocrx_word' id='word_1_115' title='bbox 526 1238 585 1279; x_wconf 92' lang='lat' dir='ltr'>De</span> <span class='ocrx_word' id='word_1_116' title='bbox 621 1236 755 1293; x_wconf 82' lang='lat' dir='ltr'>goede</span> <span class='ocrx_word' id='word_1_117' title='bbox 794 1235 1008 1292; x_wconf 85' lang='lat' dir='ltr'>hissch0p‚</span> <span class='ocrx_word' id='word_1_118' title='bbox 1032 1239 1131 1291; x_wconf 88' lang='lat' dir='ltr'>zegt</span> <span class='ocrx_word' id='word_1_119' title='bbox 1153 1236 1231 1293; x_wconf 84' lang='lat' dir='ltr'>hij,</span> <span class='ocrx_word' id='word_1_120' title='bbox 1257 1236 1382 1279; x_wconf 86' lang='lat' dir='ltr'>wilde</span> <span class='ocrx_word' id='word_1_121' title='bbox 1423 1236 1474 1278; x_wconf 93' lang='lat' dir='ltr'>de</span> <span class='ocrx_word' id='word_1_122' title='bbox 1503 1235 1652 1279; x_wconf 83' lang='lat' dir='ltr'>&#39;blinde</span> <span class='ocrx_word' id='word_1_123' title='bbox 1691 1250 1744 1280; x_wconf 89' lang='lat' dir='ltr'>en</span> <span class='ocrx_word' id='word_1_124' title='bbox 1782 1236 1956 1279; x_wconf 86' lang='lat' dir='ltr'>wreede</span> 
     </span>
     <span class='ocr_line' id='line_1_15' title="bbox 323 1307 1953 1365; baseline 0 -14"><span class='ocrx_word' id='word_1_125' title='bbox 323 1309 505 1364; x_wconf 84' lang='lat' dir='ltr'>razernij</span> <span class='ocrx_word' id='word_1_126' title='bbox 545 1309 622 1351; x_wconf 90' lang='lat' dir='ltr'>der</span> <span class='ocrx_word' id='word_1_127' title='bbox 658 1308 926 1360; x_wconf 86' lang='lat' dir='ltr'>Franschen,</span> <span class='ocrx_word' id='word_1_128' title='bbox 949 1307 1015 1350; x_wconf 89' lang='lat' dir='ltr'>die</span> <span class='ocrx_word' id='word_1_129' title='bbox 1054 1321 1236 1364; x_wconf 86' lang='lat' dir='ltr'>gewoon</span> <span class='ocrx_word' id='word_1_130' title='bbox 1275 1308 1360 1365; x_wconf 84' lang='lat' dir='ltr'>zijn</span> <span class='ocrx_word' id='word_1_131' title='bbox 1387 1321 1494 1351; x_wconf 85' lang='lat' dir='ltr'>naar</span> <span class='ocrx_word' id='word_1_132' title='bbox 1531 1308 1655 1352; x_wconf 91' lang='lat' dir='ltr'>bloed</span> <span class='ocrx_word' id='word_1_133' title='bbox 1679 1313 1723 1352; x_wconf 88' lang='lat' dir='ltr'>te</span> <span class='ocrx_word' id='word_1_134' title='bbox 1761 1308 1953 1360; x_wconf 88' lang='lat' dir='ltr'>dorsten,</span> 
     </span>
     <span class='ocr_line' id='line_1_16' title="bbox 323 1378 625 1424; baseline 0.007 -2"><span class='ocrx_word' id='word_1_135' title='bbox 323 1378 585 1424; x_wconf 70' lang='lat' dir='ltr'>intoomen⁵.</span> <span class='ocrx_word' id='word_1_136' title='bbox 609 1398 625 1419; x_wconf 71' lang='lat'>¹&gt;</span> 
     </span>
    </p>

    <p class='ocr_par' dir='ltr' id='par_1_5' title="bbox 322 1450 1958 1653">
     <span class='ocr_line' id='line_1_17' title="bbox 379 1450 1958 1508; baseline 0 -13"><span class='ocrx_word' id='word_1_137' title='bbox 379 1453 546 1508; x_wconf 87' lang='lat' dir='ltr'>Daarop</span> <span class='ocrx_word' id='word_1_138' title='bbox 568 1451 798 1508; x_wconf 88' lang='lat' dir='ltr'>bespreekt</span> <span class='ocrx_word' id='word_1_139' title='bbox 820 1452 1056 1496; x_wconf 88' lang='lat' dir='ltr'>Anselmus</span> <span class='ocrx_word' id='word_1_140' title='bbox 1075 1466 1127 1508; x_wconf 92' lang='lat' dir='ltr'>op</span> <span class='ocrx_word' id='word_1_141' title='bbox 1145 1452 1257 1508; x_wconf 86' lang='lat' dir='ltr'>zijne</span> <span class='ocrx_word' id='word_1_142' title='bbox 1283 1450 1408 1495; x_wconf 90' lang='lat' dir='ltr'>beurt</span> <span class='ocrx_word' id='word_1_143' title='bbox 1427 1452 1502 1496; x_wconf 86' lang='lat' dir='ltr'>het</span> <span class='ocrx_word' id='word_1_144' title='bbox 1521 1452 1758 1508; x_wconf 84' lang='lat' dir='ltr'>vraagstuk</span> <span class='ocrx_word' id='word_1_145' title='bbox 1780 1465 1862 1494; x_wconf 87' lang='lat' dir='ltr'>van</span> <span class='ocrx_word' id='word_1_146' title='bbox 1881 1450 1958 1495; x_wconf 83' lang='lat' dir='ltr'>het</span> 
     </span>
     <span class='ocr_line' id='line_1_18' title="bbox 322 1521 1957 1580; baseline -0.001 -14"><span class='ocrx_word' id='word_1_147' title='bbox 322 1523 487 1567; x_wconf 89' lang='lat' dir='ltr'>dooden</span> <span class='ocrx_word' id='word_1_148' title='bbox 510 1523 586 1566; x_wconf 85' lang='lat' dir='ltr'>der</span> <span class='ocrx_word' id='word_1_149' title='bbox 610 1524 776 1567; x_wconf 87' lang='lat' dir='ltr'>ketters</span> <span class='ocrx_word' id='word_1_150' title='bbox 798 1524 843 1566; x_wconf 91' lang='lat' dir='ltr'>in</span> <span class='ocrx_word' id='word_1_151' title='bbox 865 1524 1122 1567; x_wconf 89' lang='lat' dir='ltr'>denzelfden</span> <span class='ocrx_word' id='word_1_152' title='bbox 1144 1527 1266 1580; x_wconf 86' lang='lat' dir='ltr'>geest</span> <span class='ocrx_word' id='word_1_153' title='bbox 1285 1538 1337 1567; x_wconf 90' lang='lat' dir='ltr'>en</span> <span class='ocrx_word' id='word_1_154' title='bbox 1357 1524 1532 1575; x_wconf 86' lang='lat' dir='ltr'>besluit,</span> <span class='ocrx_word' id='word_1_155' title='bbox 1552 1523 1625 1567; x_wconf 86' lang='lat' dir='ltr'>dat</span> <span class='ocrx_word' id='word_1_156' title='bbox 1644 1523 1695 1566; x_wconf 93' lang='lat' dir='ltr'>de</span> <span class='ocrx_word' id='word_1_157' title='bbox 1714 1521 1957 1580; x_wconf 85' lang='lat' dir='ltr'>goddelijke</span> 
     </span>
     <span class='ocr_line' id='line_1_19' title="bbox 322 1595 1514 1653; baseline 0 -15"><span class='ocrx_word' id='word_1_158' title='bbox 322 1599 410 1638; x_wconf 85' lang='lat' dir='ltr'>Wet</span> <span class='ocrx_word' id='word_1_159' title='bbox 432 1595 554 1638; x_wconf 87' lang='lat' dir='ltr'>zulks</span> <span class='ocrx_word' id='word_1_160' title='bbox 575 1609 765 1652; x_wconf 77' lang='lat' dir='ltr'>ner-gens</span> <span class='ocrx_word' id='word_1_161' title='bbox 788 1595 1032 1652; x_wconf 85' lang='lat' dir='ltr'>goedkeurt</span> <span class='ocrx_word' id='word_1_162' title='bbox 1054 1596 1167 1639; x_wconf 90' lang='lat' dir='ltr'>noch</span> <span class='ocrx_word' id='word_1_163' title='bbox 1192 1595 1514 1653; x_wconf 67' lang='lat' dir='ltr'>voorschrijw.</span> 
     </span>
    </p>

    <p class='ocr_par' dir='ltr' id='par_1_6' title="bbox 321 1666 1958 1868">
     <span class='ocr_line' id='line_1_20' title="bbox 380 1666 1957 1724; baseline 0 -14"><span class='ocrx_word' id='word_1_164' title='bbox 380 1668 440 1710; x_wconf 90' lang='lat' dir='ltr'>De</span> <span class='ocrx_word' id='word_1_165' title='bbox 463 1668 738 1724; x_wconf 84' lang='lat' dir='ltr'>aarzelingen</span> <span class='ocrx_word' id='word_1_166' title='bbox 761 1682 845 1711; x_wconf 89' lang='lat' dir='ltr'>van</span> <span class='ocrx_word' id='word_1_167' title='bbox 863 1668 945 1711; x_wconf 90' lang='lat' dir='ltr'>den</span> <span class='ocrx_word' id='word_1_168' title='bbox 969 1667 1167 1724; x_wconf 88' lang='lat' dir='ltr'>bisschop</span> <span class='ocrx_word' id='word_1_169' title='bbox 1192 1682 1275 1711; x_wconf 84' lang='lat' dir='ltr'>van</span> <span class='ocrx_word' id='word_1_170' title='bbox 1303 1666 1506 1719; x_wconf 67' lang='lat' dir='ltr'>Chfflons,</span> <span class='ocrx_word' id='word_1_171' title='bbox 1528 1667 1594 1711; x_wconf 93' lang='lat' dir='ltr'>die</span> <span class='ocrx_word' id='word_1_172' title='bbox 1611 1681 1694 1710; x_wconf 85' lang='lat' dir='ltr'>aan</span> <span class='ocrx_word' id='word_1_173' title='bbox 1714 1667 1794 1710; x_wconf 89' lang='lat' dir='ltr'>den</span> <span class='ocrx_word' id='word_1_174' title='bbox 1813 1667 1957 1711; x_wconf 83' lang='lat' dir='ltr'>zacht·</span> 
     </span>
     <span class='ocr_line' id='line_1_21' title="bbox 321 1739 1958 1797; baseline 0.001 -16"><span class='ocrx_word' id='word_1_175' title='bbox 321 1739 545 1795; x_wconf 84' lang='lat' dir='ltr'>moedigen</span> <span class='ocrx_word' id='word_1_176' title='bbox 569 1740 708 1783; x_wconf 87' lang='lat' dir='ltr'>Wazo</span> <span class='ocrx_word' id='word_1_177' title='bbox 734 1753 802 1782; x_wconf 87' lang='lat' dir='ltr'>om</span> <span class='ocrx_word' id='word_1_178' title='bbox 819 1739 924 1782; x_wconf 85' lang='lat' dir='ltr'>raad</span> <span class='ocrx_word' id='word_1_179' title='bbox 943 1739 1129 1797; x_wconf 86' lang='lat' dir='ltr'>schrijft,</span> <span class='ocrx_word' id='word_1_180' title='bbox 1152 1739 1278 1783; x_wconf 88' lang='lat' dir='ltr'>dezes</span> <span class='ocrx_word' id='word_1_181' title='bbox 1296 1739 1395 1783; x_wconf 87' lang='lat' dir='ltr'>echt</span> <span class='ocrx_word' id='word_1_182' title='bbox 1416 1739 1709 1796; x_wconf 86' lang='lat' dir='ltr'>Evangelisch</span> <span class='ocrx_word' id='word_1_183' title='bbox 1730 1739 1958 1784; x_wconf 82' lang='lat' dir='ltr'>antwoord</span> 
     </span>
     <span class='ocr_line' id='line_1_22' title="bbox 322 1810 1958 1868; baseline 0 -15"><span class='ocrx_word' id='word_1_184' title='bbox 322 1824 376 1853; x_wconf 90' lang='lat' dir='ltr'>en</span> <span class='ocrx_word' id='word_1_185' title='bbox 407 1811 649 1854; x_wconf 86' lang='lat' dir='ltr'>Anselmus&#39;</span> <span class='ocrx_word' id='word_1_186' title='bbox 680 1810 983 1867; x_wconf 83' lang='lat' dir='ltr'>geestdriftige</span> <span class='ocrx_word' id='word_1_187' title='bbox 1015 1810 1315 1868; x_wconf 84' lang='lat' dir='ltr'>goedkeuring</span> <span class='ocrx_word' id='word_1_188' title='bbox 1354 1810 1566 1868; x_wconf 82' lang='lat' dir='ltr'>bewijZen</span> <span class='ocrx_word' id='word_1_189' title='bbox 1605 1824 1787 1867; x_wconf 84' lang='lat' dir='ltr'>genoeg,</span> <span class='ocrx_word' id='word_1_190' title='bbox 1811 1810 1884 1855; x_wconf 83' lang='lat' dir='ltr'>dat</span> <span class='ocrx_word' id='word_1_191' title='bbox 1905 1811 1958 1854; x_wconf 89' lang='lat' dir='ltr'>de</span> 
     </span>
    </p>
   </div>
   <div class='ocr_carea' id='block_1_4' title="bbox 1682 1932 1947 1938">
    <p class='ocr_par' dir='ltr' id='par_1_7' title="bbox 1682 1932 1947 1938">
     <span class='ocr_line' id='line_1_23' title="bbox 1682 1932 1947 1938; baseline 0 0"><span class='ocrx_word' id='word_1_192' title='bbox 1682 1932 1947 1938; x_wconf 95' lang='lat' dir='ltr'> </span> 
     </span>
    </p>
   </div>
   <div class='ocr_carea' id='block_1_5' title="bbox 319 1986 1957 3023">
    <p class='ocr_par' dir='ltr' id='par_1_8' title="bbox 321 1986 1957 2195">
     <span class='ocr_line' id='line_1_24' title="bbox 368 1986 1957 2032; baseline 0.001 -11"><span class='ocrx_word' id='word_1_193' title='bbox 368 1986 376 2008; x_wconf 88' lang='lat'>¹</span> <span class='ocrx_word' id='word_1_194' title='bbox 409 1987 527 2021; x_wconf 77' lang='lat' dir='ltr'>Cesset</span> <span class='ocrx_word' id='word_1_195' title='bbox 543 1998 629 2031; x_wconf 83' lang='lat' dir='ltr'>ergo</span> <span class='ocrx_word' id='word_1_196' title='bbox 647 1986 823 2022; x_wconf 89' lang='lat' dir='ltr'>iudicium</span> <span class='ocrx_word' id='word_1_197' title='bbox 840 1986 1011 2031; x_wconf 85' lang='lat' dir='ltr'>pulveris,</span> <span class='ocrx_word' id='word_1_198' title='bbox 1026 1988 1151 2023; x_wconf 88' lang='lat' dir='ltr'>audita</span> <span class='ocrx_word' id='word_1_199' title='bbox 1168 1988 1350 2023; x_wconf 79' lang='lat' dir='ltr'>sentencia</span> <span class='ocrx_word' id='word_1_200' title='bbox 1369 1988 1586 2030; x_wconf 65' lang='lat' dir='ltr'>Conditoris,</span> <span class='ocrx_word' id='word_1_201' title='bbox 1605 2000 1670 2023; x_wconf 93' lang='lat' dir='ltr'>nec</span> <span class='ocrx_word' id='word_1_202' title='bbox 1687 2000 1747 2023; x_wconf 87' lang='lat' dir='ltr'>eos</span> <span class='ocrx_word' id='word_1_203' title='bbox 1765 1999 1957 2032; x_wconf 84' lang='lat' dir='ltr'>queramus</span> 
     </span>
     <span class='ocr_line' id='line_1_25' title="bbox 321 2041 1955 2088; baseline 0.001 -12"><span class='ocrx_word' id='word_1_204' title='bbox 321 2053 384 2085; x_wconf 90' lang='lat' dir='ltr'>per</span> <span class='ocrx_word' id='word_1_205' title='bbox 400 2041 570 2076; x_wconf 84' lang='lat' dir='ltr'>secularis</span> <span class='ocrx_word' id='word_1_206' title='bbox 594 2043 774 2086; x_wconf 82' lang='lat' dir='ltr'>potentiae</span> <span class='ocrx_word' id='word_1_207' title='bbox 791 2042 955 2085; x_wconf 75' lang='lat' dir='ltr'>gladium</span> <span class='ocrx_word' id='word_1_208' title='bbox 971 2043 1058 2077; x_wconf 89' lang='lat' dir='ltr'>huic</span> <span class='ocrx_word' id='word_1_209' title='bbox 1074 2042 1170 2078; x_wconf 86' lang='lat' dir='ltr'>vitae</span> <span class='ocrx_word' id='word_1_210' title='bbox 1193 2043 1416 2085; x_wconf 82' lang='lat' dir='ltr'>subtrahere,</span> <span class='ocrx_word' id='word_1_211' title='bbox 1437 2043 1566 2088; x_wconf 87' lang='lat' dir='ltr'>quibus</span> <span class='ocrx_word' id='word_1_212' title='bbox 1583 2044 1661 2079; x_wconf 84' lang='lat' dir='ltr'>vult</span> <span class='ocrx_word' id='word_1_213' title='bbox 1684 2043 1779 2079; x_wconf 88' lang='lat' dir='ltr'>idem</span> <span class='ocrx_word' id='word_1_214' title='bbox 1805 2044 1955 2078; x_wconf 77' lang='lat' dir='ltr'>Creator</span> 
     </span>
     <span class='ocr_line' id='line_1_26' title="bbox 321 2096 1955 2143; baseline 0.001 -13"><span class='ocrx_word' id='word_1_215' title='bbox 321 2100 357 2131; x_wconf 86' lang='lat' dir='ltr'>et</span> <span class='ocrx_word' id='word_1_216' title='bbox 380 2096 600 2141; x_wconf 72' lang='lat' dir='ltr'>Redemptor</span> <span class='ocrx_word' id='word_1_217' title='bbox 623 2097 717 2131; x_wconf 86' lang='lat' dir='ltr'>Deus</span> <span class='ocrx_word' id='word_1_218' title='bbox 734 2097 827 2133; x_wconf 82' lang='lat' dir='ltr'>sicut</span> <span class='ocrx_word' id='word_1_219' title='bbox 850 2097 950 2133; x_wconf 73' lang='lat' dir='ltr'>novit</span> <span class='ocrx_word' id='word_1_220' title='bbox 973 2109 1134 2142; x_wconf 80' lang='lat' dir='ltr'>parcere,</span> <span class='ocrx_word' id='word_1_221' title='bbox 1151 2103 1190 2133; x_wconf 80' lang='lat' dir='ltr'>ut</span> <span class='ocrx_word' id='word_1_222' title='bbox 1214 2098 1425 2143; x_wconf 80' lang='lat' dir='ltr'>resipiscant</span> <span class='ocrx_word' id='word_1_223' title='bbox 1450 2110 1471 2133; x_wconf 88' lang='lat' dir='ltr'>a</span> <span class='ocrx_word' id='word_1_224' title='bbox 1494 2098 1630 2134; x_wconf 88' lang='lat' dir='ltr'>diaboli</span> <span class='ocrx_word' id='word_1_225' title='bbox 1654 2099 1806 2142; x_wconf 81' lang='lat' dir='ltr'>laqueis,</span> <span class='ocrx_word' id='word_1_226' title='bbox 1824 2098 1955 2142; x_wconf 87' lang='lat' dir='ltr'>quibus</span> 
     </span>
     <span class='ocr_line' id='line_1_27' title="bbox 322 2151 1059 2195; baseline 0.004 -11"><span class='ocrx_word' id='word_1_227' title='bbox 322 2151 415 2195; x_wconf 76' lang='lat' dir='ltr'>capti</span> <span class='ocrx_word' id='word_1_228' title='bbox 433 2154 614 2192; x_wconf 81' lang='lat' dir='ltr'>tenentur,</span> <span class='ocrx_word' id='word_1_229' title='bbox 634 2151 679 2186; x_wconf 87' lang='lat' dir='ltr'>ad</span> <span class='ocrx_word' id='word_1_230' title='bbox 695 2151 808 2195; x_wconf 82' lang='lat' dir='ltr'>ipsius</span> <span class='ocrx_word' id='word_1_231' title='bbox 825 2153 1059 2188; x_wconf 82' lang='lat' dir='ltr'>voluntatem.</span> 
     </span>
    </p>

    <p class='ocr_par' dir='ltr' id='par_1_9' title="bbox 319 2206 1957 2362">
     <span class='ocr_line' id='line_1_28' title="bbox 366 2206 1953 2253; baseline 0.002 -13"><span class='ocrx_word' id='word_1_232' title='bbox 366 2206 380 2228; x_wconf 76' lang='lat'><strong>²</strong></span> <span class='ocrx_word' id='word_1_233' title='bbox 405 2206 553 2241; x_wconf 79' lang='lat' dir='ltr'>Interim</span> <span class='ocrx_word' id='word_1_234' title='bbox 577 2206 835 2242; x_wconf 74' lang='lat' dir='ltr'>nichilominus</span> <span class='ocrx_word' id='word_1_235' title='bbox 858 2207 1063 2242; x_wconf 86' lang='lat' dir='ltr'>meminisse</span> <span class='ocrx_word' id='word_1_236' title='bbox 1085 2209 1267 2250; x_wconf 85' lang='lat' dir='ltr'>debemus,</span> <span class='ocrx_word' id='word_1_237' title='bbox 1287 2209 1383 2252; x_wconf 89' lang='lat' dir='ltr'>quod</span> <span class='ocrx_word' id='word_1_238' title='bbox 1408 2220 1484 2250; x_wconf 87' lang='lat' dir='ltr'>nos,</span> <span class='ocrx_word' id='word_1_239' title='bbox 1511 2209 1573 2253; x_wconf 87' lang='lat' dir='ltr'>qui</span> <span class='ocrx_word' id='word_1_240' title='bbox 1597 2208 1757 2253; x_wconf 87' lang='lat' dir='ltr'>episcopi</span> <span class='ocrx_word' id='word_1_241' title='bbox 1783 2208 1953 2248; x_wconf 86' lang='lat' dir='ltr'>dicimur.</span> 
     </span>
     <span class='ocr_line' id='line_1_29' title="bbox 319 2261 1957 2307; baseline 0.002 -12"><span class='ocrx_word' id='word_1_242' title='bbox 319 2261 481 2305; x_wconf 84' lang='lat' dir='ltr'>gladium</span> <span class='ocrx_word' id='word_1_243' title='bbox 498 2261 536 2295; x_wconf 93' lang='lat' dir='ltr'>in</span> <span class='ocrx_word' id='word_1_244' title='bbox 552 2261 779 2297; x_wconf 85' lang='lat' dir='ltr'>ordinatione</span> <span class='ocrx_word' id='word_1_245' title='bbox 803 2263 898 2305; x_wconf 80' lang='lat' dir='ltr'>quod</span> <span class='ocrx_word' id='word_1_246' title='bbox 914 2265 968 2298; x_wconf 84' lang='lat' dir='ltr'>est</span> <span class='ocrx_word' id='word_1_247' title='bbox 983 2263 1156 2297; x_wconf 83' lang='lat' dir='ltr'>secularis</span> <span class='ocrx_word' id='word_1_248' title='bbox 1181 2263 1363 2307; x_wconf 86' lang='lat' dir='ltr'>potentiae</span> <span class='ocrx_word' id='word_1_249' title='bbox 1384 2275 1456 2298; x_wconf 89' lang='lat' dir='ltr'>non</span> <span class='ocrx_word' id='word_1_250' title='bbox 1473 2263 1672 2307; x_wconf 84' lang='lat' dir='ltr'>accipimus</span> <span class='ocrx_word' id='word_1_251' title='bbox 1686 2277 1694 2306; x_wconf 69' lang='grc' dir='ltr'><strong>ς</strong></span> <span class='ocrx_word' id='word_1_252' title='bbox 1715 2263 1868 2307; x_wconf 90' lang='lat' dir='ltr'>ideoque</span> <span class='ocrx_word' id='word_1_253' title='bbox 1885 2275 1957 2298; x_wconf 88' lang='lat' dir='ltr'>non</span> 
     </span>
     <span class='ocr_line' id='line_1_30' title="bbox 319 2315 1760 2362; baseline 0.001 -12"><span class='ocrx_word' id='word_1_254' title='bbox 319 2316 365 2350; x_wconf 82' lang='lat' dir='ltr'>ad</span> <span class='ocrx_word' id='word_1_255' title='bbox 381 2315 684 2357; x_wconf 79' lang='lat' dir='ltr'>mortificandum,</span> <span class='ocrx_word' id='word_1_256' title='bbox 711 2317 771 2352; x_wconf 90' lang='lat' dir='ltr'>sed</span> <span class='ocrx_word' id='word_1_257' title='bbox 788 2317 911 2360; x_wconf 82' lang='lat' dir='ltr'>pocius</span> <span class='ocrx_word' id='word_1_258' title='bbox 927 2317 972 2352; x_wconf 89' lang='lat' dir='ltr'>ad</span> <span class='ocrx_word' id='word_1_259' title='bbox 989 2317 1249 2352; x_wconf 86' lang='lat' dir='ltr'>vivificandum</span> <span class='ocrx_word' id='word_1_260' title='bbox 1268 2320 1418 2353; x_wconf 89' lang='lat' dir='ltr'>auctore</span> <span class='ocrx_word' id='word_1_261' title='bbox 1438 2318 1512 2353; x_wconf 90' lang='lat' dir='ltr'>Deo</span> <span class='ocrx_word' id='word_1_262' title='bbox 1530 2317 1760 2362; x_wconf 74' lang='lat' dir='ltr'>inungimur.</span> 
     </span>
    </p>

    <p class='ocr_par' dir='ltr' id='par_1_10' title="bbox 319 2371 1956 2638">
     <span class='ocr_line' id='line_1_31' title="bbox 366 2371 1955 2417; baseline 0.002 -12"><span class='ocrx_word' id='word_1_263' title='bbox 366 2371 379 2392; x_wconf 78' lang='lat'>³</span> <span class='ocrx_word' id='word_1_264' title='bbox 408 2372 468 2406; x_wconf 87' lang='lat' dir='ltr'>Est</span> <span class='ocrx_word' id='word_1_265' title='bbox 484 2374 604 2405; x_wconf 85' lang='lat' dir='ltr'>tamen</span> <span class='ocrx_word' id='word_1_266' title='bbox 616 2371 715 2406; x_wconf 88' lang='lat' dir='ltr'>aliud</span> <span class='ocrx_word' id='word_1_267' title='bbox 732 2372 827 2415; x_wconf 86' lang='lat' dir='ltr'>quod</span> <span class='ocrx_word' id='word_1_268' title='bbox 843 2372 996 2407; x_wconf 80' lang='lat' dir='ltr'>sollicite</span> <span class='ocrx_word' id='word_1_269' title='bbox 1013 2372 1055 2406; x_wconf 93' lang='lat' dir='ltr'>de</span> <span class='ocrx_word' id='word_1_270' title='bbox 1073 2372 1266 2415; x_wconf 86' lang='lat' dir='ltr'>praedictis</span> <span class='ocrx_word' id='word_1_271' title='bbox 1291 2373 1474 2417; x_wconf 85' lang='lat' dir='ltr'>agendum</span> <span class='ocrx_word' id='word_1_272' title='bbox 1492 2376 1544 2408; x_wconf 85' lang='lat' dir='ltr'>est</span> <span class='ocrx_word' id='word_1_273' title='bbox 1560 2372 1785 2414; x_wconf 86' lang='lat' dir='ltr'>scismaticis,</span> <span class='ocrx_word' id='word_1_274' title='bbox 1806 2373 1902 2416; x_wconf 88' lang='lat' dir='ltr'>quod</span> <span class='ocrx_word' id='word_1_275' title='bbox 1921 2375 1955 2408; x_wconf 83' lang='lat' dir='ltr'>et</span> 
     </span>
     <span class='ocr_line' id='line_1_32' title="bbox 324 2426 1955 2471; baseline 0.003 -12"><span class='ocrx_word' id='word_1_276' title='bbox 324 2437 385 2460; x_wconf 84' lang='lat' dir='ltr'>vos</span> <span class='ocrx_word' id='word_1_277' title='bbox 409 2437 635 2469; x_wconf 84' lang='lat' dir='ltr'>nequaquam</span> <span class='ocrx_word' id='word_1_278' title='bbox 660 2426 849 2470; x_wconf 84' lang='lat' dir='ltr'>ignoratis,</span> <span class='ocrx_word' id='word_1_279' title='bbox 875 2430 914 2461; x_wconf 87' lang='lat' dir='ltr'>ut</span> <span class='ocrx_word' id='word_1_280' title='bbox 939 2427 1007 2471; x_wconf 90' lang='lat' dir='ltr'>ipsi</span> <span class='ocrx_word' id='word_1_281' title='bbox 1031 2427 1153 2471; x_wconf 85' lang='lat' dir='ltr'>eisque</span> <span class='ocrx_word' id='word_1_282' title='bbox 1177 2428 1482 2464; x_wconf 86' lang='lat' dir='ltr'>communicantes</span> <span class='ocrx_word' id='word_1_283' title='bbox 1506 2428 1684 2464; x_wconf 85' lang='lat' dir='ltr'>catholica</span> <span class='ocrx_word' id='word_1_284' title='bbox 1702 2428 1955 2464; x_wconf 87' lang='lat' dir='ltr'>communione</span> 
     </span>
     <span class='ocr_line' id='line_1_33' title="bbox 322 2482 1955 2528; baseline 0.002 -13"><span class='ocrx_word' id='word_1_285' title='bbox 322 2482 521 2524; x_wconf 79' lang='lat' dir='ltr'>priventur,</span> <span class='ocrx_word' id='word_1_286' title='bbox 548 2482 768 2526; x_wconf 87' lang='lat' dir='ltr'>coeterisque</span> <span class='ocrx_word' id='word_1_287' title='bbox 792 2484 959 2517; x_wconf 89' lang='lat' dir='ltr'>omnibus</span> <span class='ocrx_word' id='word_1_288' title='bbox 982 2484 1126 2527; x_wconf 89' lang='lat' dir='ltr'>publice</span> <span class='ocrx_word' id='word_1_289' title='bbox 1148 2484 1423 2525; x_wconf 88' lang='lat' dir='ltr'>denuncientur,</span> <span class='ocrx_word' id='word_1_290' title='bbox 1442 2487 1483 2519; x_wconf 88' lang='lat' dir='ltr'>ut</span> <span class='ocrx_word' id='word_1_291' title='bbox 1495 2483 1693 2519; x_wconf 86' lang='lat' dir='ltr'>secundum</span> <span class='ocrx_word' id='word_1_292' title='bbox 1707 2483 1955 2528; x_wconf 76' lang='lat' dir='ltr'>propheticam</span> 
     </span>
     <span class='ocr_line' id='line_1_34' title="bbox 321 2537 1956 2575; baseline 0.001 -4"><span class='ocrx_word' id='word_1_293' title='bbox 321 2537 615 2572; x_wconf 78' lang='lat' dir='ltr'>ammonitionem</span> <span class='ocrx_word' id='word_1_294' title='bbox 643 2541 771 2573; x_wconf 79' lang='lat' dir='ltr'>exeant</span> <span class='ocrx_word' id='word_1_295' title='bbox 793 2538 837 2573; x_wconf 91' lang='lat' dir='ltr'>de</span> <span class='ocrx_word' id='word_1_296' title='bbox 864 2538 981 2573; x_wconf 89' lang='lat' dir='ltr'>medio</span> <span class='ocrx_word' id='word_1_297' title='bbox 1012 2550 1138 2574; x_wconf 86' lang='lat' dir='ltr'>eorum</span> <span class='ocrx_word' id='word_1_298' title='bbox 1165 2543 1201 2574; x_wconf 88' lang='lat' dir='ltr'>et</span> <span class='ocrx_word' id='word_1_299' title='bbox 1230 2538 1556 2574; x_wconf 81' lang='lat' dir='ltr'>immundissimam</span> <span class='ocrx_word' id='word_1_300' title='bbox 1587 2550 1713 2575; x_wconf 89' lang='lat' dir='ltr'>eorum</span> <span class='ocrx_word' id='word_1_301' title='bbox 1745 2542 1878 2575; x_wconf 79' lang='lat' dir='ltr'>sectam</span> <span class='ocrx_word' id='word_1_302' title='bbox 1911 2550 1956 2574; x_wconf 88' lang='lat' dir='ltr'>ne</span> 
     </span>
     <span class='ocr_line' id='line_1_35' title="bbox 319 2592 1506 2638; baseline 0.003 -11"><span class='ocrx_word' id='word_1_303' title='bbox 319 2592 516 2636; x_wconf 85' lang='lat' dir='ltr'>tetigerint,</span> <span class='ocrx_word' id='word_1_304' title='bbox 534 2593 704 2637; x_wconf 84' lang='lat' dir='ltr'>quoniam</span> <span class='ocrx_word' id='word_1_305' title='bbox 721 2593 782 2637; x_wconf 87' lang='lat' dir='ltr'>qui</span> <span class='ocrx_word' id='word_1_306' title='bbox 800 2593 961 2638; x_wconf 81' lang='lat' dir='ltr'>tetigerit</span> <span class='ocrx_word' id='word_1_307' title='bbox 976 2593 1106 2638; x_wconf 77' lang='lat' dir='ltr'>picem,</span> <span class='ocrx_word' id='word_1_308' title='bbox 1124 2594 1374 2637; x_wconf 84' lang='lat' dir='ltr'>inquinabitur</span> <span class='ocrx_word' id='word_1_309' title='bbox 1390 2595 1435 2629; x_wconf 87' lang='lat' dir='ltr'>ab</span> <span class='ocrx_word' id='word_1_310' title='bbox 1451 2606 1506 2630; x_wconf 87' lang='lat' dir='ltr'>ea.</span> 
     </span>
    </p>

    <p class='ocr_par' dir='ltr' id='par_1_11' title="bbox 319 2647 1952 2745">
     <span class='ocr_line' id='line_1_36' title="bbox 366 2647 1952 2694; baseline 0.002 -12"><span class='ocrx_word' id='word_1_311' title='bbox 366 2647 380 2668; x_wconf 78' lang='lat'><strong>⁴</strong></span> <span class='ocrx_word' id='word_1_312' title='bbox 409 2647 664 2689; x_wconf 86' lang='lat' dir='ltr'>Wattenbach,</span> <span class='ocrx_word' id='word_1_313' title='bbox 693 2647 962 2683; x_wconf 73' lang='lat' dir='ltr'>Deutsclzlands</span> <span class='ocrx_word' id='word_1_314' title='bbox 992 2648 1349 2694; x_wconf 71' lang='lat' dir='ltr'>Gesclzz&#39;clctsqzcellen</span> <span class='ocrx_word' id='word_1_315' title='bbox 1381 2651 1431 2683; x_wconf 77' lang='lat' dir='ltr'>im</span> <span class='ocrx_word' id='word_1_316' title='bbox 1465 2649 1694 2692; x_wconf 75' lang='lat' dir='ltr'>Mz&#39;ttelaltcr,</span> <span class='ocrx_word' id='word_1_317' title='bbox 1728 2650 1765 2682; x_wconf 80' lang='lat'>5⁰</span> <span class='ocrx_word' id='word_1_318' title='bbox 1792 2650 1952 2694; x_wconf 57' lang='lat' dir='ltr'>nugare,</span> 
     </span>
     <span class='ocr_line' id='line_1_37' title="bbox 319 2702 654 2745; baseline -0.006 -9"><span class='ocrx_word' id='word_1_319' title='bbox 319 2702 398 2737; x_wconf 75' lang='lat' dir='ltr'>&lt;leel</span> <span class='ocrx_word' id='word_1_320' title='bbox 410 2702 458 2745; x_wconf 88' lang='grc' dir='ltr'>ΙΙ,</span> <span class='ocrx_word' id='word_1_321' title='bbox 483 2702 549 2736; x_wconf 91' lang='lat' dir='ltr'>blz.</span> <span class='ocrx_word' id='word_1_322' title='bbox 578 2702 654 2735; x_wconf 84' lang='lat'>131.</span> 
     </span>
    </p>

    <p class='ocr_par' dir='ltr' id='par_1_12' title="bbox 322 2756 1955 2908">
     <span class='ocr_line' id='line_1_38' title="bbox 367 2756 1954 2804; baseline 0.003 -14"><span class='ocrx_word' id='word_1_323' title='bbox 367 2756 380 2777; x_wconf 78' lang='lat'><strong>³</strong></span> <span class='ocrx_word' id='word_1_324' title='bbox 408 2756 505 2791; x_wconf 88' lang='lat' dir='ltr'>Haec</span> <span class='ocrx_word' id='word_1_325' title='bbox 525 2781 532 2789; x_wconf 93' lang='lat'>.</span> <span class='ocrx_word' id='word_1_326' title='bbox 554 2785 559 2791; x_wconf 95' lang='lat'>.</span> <span class='ocrx_word' id='word_1_327' title='bbox 583 2781 591 2789; x_wconf 88' lang='lat'><strong>.</strong></span> <span class='ocrx_word' id='word_1_328' title='bbox 611 2780 619 2789; x_wconf 96' lang='lat'><strong>.</strong></span> <span class='ocrx_word' id='word_1_329' title='bbox 638 2757 803 2792; x_wconf 83' lang='lat' dir='ltr'>studebat</span> <span class='ocrx_word' id='word_1_330' title='bbox 826 2757 1022 2800; x_wconf 80' lang='lat' dir='ltr'>inculcare,</span> <span class='ocrx_word' id='word_1_331' title='bbox 1048 2761 1088 2793; x_wconf 91' lang='lat' dir='ltr'>ut</span> <span class='ocrx_word' id='word_1_332' title='bbox 1104 2757 1337 2802; x_wconf 83' lang='lat' dir='ltr'>praecipitem</span> <span class='ocrx_word' id='word_1_333' title='bbox 1364 2759 1677 2804; x_wconf 81' lang='lat' dir='ltr'>Francigenarum</span> <span class='ocrx_word' id='word_1_334' title='bbox 1695 2759 1833 2794; x_wconf 86' lang='lat' dir='ltr'>rabiem</span> <span class='ocrx_word' id='word_1_335' title='bbox 1851 2759 1954 2795; x_wconf 83' lang='lat' dir='ltr'>codes</span> 
     </span>
     <span class='ocr_line' id='line_1_39' title="bbox 322 2811 1955 2857; baseline 0.002 -12"><span class='ocrx_word' id='word_1_336' title='bbox 322 2811 492 2846; x_wconf 84' lang='lat' dir='ltr'>anhelare</span> <span class='ocrx_word' id='word_1_337' title='bbox 508 2811 650 2847; x_wconf 80' lang='lat' dir='ltr'>solitam</span> <span class='ocrx_word' id='word_1_338' title='bbox 667 2823 689 2845; x_wconf 88' lang='lat' dir='ltr'>a</span> <span class='ocrx_word' id='word_1_339' title='bbox 705 2812 918 2848; x_wconf 83' lang='lat' dir='ltr'>crudelitate</span> <span class='ocrx_word' id='word_1_340' title='bbox 942 2813 1203 2857; x_wconf 81' lang='lat' dir='ltr'>quodammodo</span> <span class='ocrx_word' id='word_1_341' title='bbox 1216 2814 1429 2850; x_wconf 84' lang='lat' dir='ltr'>refrenaret.</span> <span class='ocrx_word' id='word_1_342' title='bbox 1444 2815 1698 2857; x_wconf 74' lang='lat' dir='ltr'>(Monzmzema</span> <span class='ocrx_word' id='word_1_343' title='bbox 1714 2814 1955 2855; x_wconf 76' lang='lat' dir='ltr'>Germaniae,</span> 
     </span>
     <span class='ocr_line' id='line_1_40' title="bbox 323 2865 920 2908; baseline 0.003 -9"><span class='ocrx_word' id='word_1_344' title='bbox 323 2865 533 2908; x_wconf 79' lang='lat' dir='ltr'>Scriptores,</span> <span class='ocrx_word' id='word_1_345' title='bbox 552 2865 630 2900; x_wconf 87' lang='lat' dir='ltr'>dcel</span> <span class='ocrx_word' id='word_1_346' title='bbox 644 2865 723 2908; x_wconf 63' lang='lat' dir='ltr'><strong>VII,</strong></span> <span class='ocrx_word' id='word_1_347' title='bbox 742 2866 811 2901; x_wconf 90' lang='lat' dir='ltr'>blz.</span> <span class='ocrx_word' id='word_1_348' title='bbox 828 2866 920 2907; x_wconf 73' lang='lat'>⁶228.)</span> 
     </span>
    </p>

    <p class='ocr_par' dir='ltr' id='par_1_13' title="bbox 322 2920 1953 3023">
     <span class='ocr_line' id='line_1_41' title="bbox 368 2920 1953 2967; baseline 0.003 -13"><span class='ocrx_word' id='word_1_349' title='bbox 368 2921 382 2939; x_wconf 69' lang='lat'>‘³</span> <span class='ocrx_word' id='word_1_350' title='bbox 410 2920 505 2955; x_wconf 83' lang='lat' dir='ltr'>Haec</span> <span class='ocrx_word' id='word_1_351' title='bbox 529 2920 693 2963; x_wconf 79' lang='lat' dir='ltr'>dieinms,</span> <span class='ocrx_word' id='word_1_352' title='bbox 720 2933 791 2957; x_wconf 89' lang='lat' dir='ltr'>non</span> <span class='ocrx_word' id='word_1_353' title='bbox 814 2921 900 2965; x_wconf 82' lang='lat' dir='ltr'>quia</span> <span class='ocrx_word' id='word_1_354' title='bbox 923 2933 1081 2958; x_wconf 81' lang='lat' dir='ltr'>errorem</span> <span class='ocrx_word' id='word_1_355' title='bbox 1098 2922 1341 2958; x_wconf 86' lang='lat' dir='ltr'>hereticorum</span> <span class='ocrx_word' id='word_1_356' title='bbox 1358 2926 1478 2959; x_wconf 78' lang='lat' dir='ltr'>tutare</span> <span class='ocrx_word' id='word_1_357' title='bbox 1500 2923 1664 2966; x_wconf 73' lang='lat' dir='ltr'>velimus,</span> <span class='ocrx_word' id='word_1_358' title='bbox 1690 2924 1751 2961; x_wconf 81' lang='lat' dir='ltr'>sed</span> <span class='ocrx_word' id='word_1_359' title='bbox 1774 2923 1859 2967; x_wconf 82' lang='lat' dir='ltr'>quia</span> <span class='ocrx_word' id='word_1_360' title='bbox 1886 2923 1953 2959; x_wconf 79' lang='lat' dir='ltr'>hoc</span> 
     </span>
     <span class='ocr_line' id='line_1_42' title="bbox 322 2975 1651 3023; baseline 0.003 -13"><span class='ocrx_word' id='word_1_361' title='bbox 322 2975 358 3010; x_wconf 90' lang='lat' dir='ltr'>in</span> <span class='ocrx_word' id='word_1_362' title='bbox 376 2975 507 3011; x_wconf 67' lang='lat' dir='ltr'>divinis</span> <span class='ocrx_word' id='word_1_363' title='bbox 524 2976 663 3020; x_wconf 72' lang='lat' dir='ltr'>legibus</span> <span class='ocrx_word' id='word_1_364' title='bbox 681 2987 857 3021; x_wconf 82' lang='lat' dir='ltr'>nusquam</span> <span class='ocrx_word' id='word_1_365' title='bbox 874 2978 1073 3014; x_wconf 74' lang='lat' dir='ltr'>sanccitum</span> <span class='ocrx_word' id='word_1_366' title='bbox 1091 2990 1162 3014; x_wconf 83' lang='lat' dir='ltr'>non</span> <span class='ocrx_word' id='word_1_367' title='bbox 1181 2980 1382 3023; x_wconf 75' lang='lat' dir='ltr'>approbarc</span> <span class='ocrx_word' id='word_1_368' title='bbox 1402 2983 1651 3016; x_wconf 76' lang='lat' dir='ltr'>monstremus.</span> 
     </span>
    </p>
   </div>
  </div>
 </body>
</html>
