2220 3471
472 192 512 226 24
895 191 955 223 DE
986 189 1341 223 BISSCHOPPELIJ
1346 189 1409 222 ΚΕ
1442 188 1698 226 INQUISITIE

534 289 621 332 Het
639 288 675 332 is
693 288 744 330 de
762 287 920 331 laatste
942 287 1072 338 maal,
1099 286 1172 330 dat
1194 286 1267 343 wij
1294 299 1400 329 voor
1423 299 1529 328 onze
1547 288 1773 342 gewesten
1796 300 1882 330 van
1907 286 1959 330 de
1982 301 2115 331 vuur-

474 359 602 416 proef
617 360 663 403 in
694 358 1059 414 kettergedingen
1081 359 1243 400 hooren
1264 370 1492 414 gewagen,
1516 357 1649 401 nadat
1682 357 1755 415 wij
1791 357 1900 400 haar
1922 357 1965 400 in
1993 359 2106 403 1172

475 435 519 475 te
541 431 741 482 Atrecht,
770 430 814 472 in
857 429 1112 473 1182-1183
1135 429 1177 471 in
1202 428 1395 471 dezelfde
1419 427 1514 472 stad
1548 427 1739 471 alsmede
1778 431 1822 471 te
1845 428 2028 485 Ieperen
2061 444 2116 474 en

476 501 642 558 gansch
664 501 942 545 Vlaanderen
967 500 1088 553 door,
1115 513 1168 542 en
1191 499 1396 557 eindelijk
1419 500 1463 542 in
1491 499 1605 542 1217
1628 503 1672 542 te
1696 499 1923 558 Kamerijk
1947 499 2116 544 hebben

475 574 568 616 zien
594 576 839 629 toepassen.
869 573 1040 615 Daarna
1062 572 1221 627 schijnt
1241 571 1303 614 dit
1323 571 1771 622 onderzoeksmiddeL
1788 571 1894 614 door
1916 572 1993 614 het
2017 585 2116 627 pro-

473 644 659 687 vinciaal
698 643 877 686 concilie
912 656 994 685 van
1021 642 1166 685 Reims
1190 642 1232 684 in
1261 642 1374 683 1157
1416 641 1581 684 erkend
1622 655 1674 684 en
1714 642 2112 696 voorgeschreven‚

476 726 581 756 νοοῖ·
602 712 741 756 altoos
764 713 805 754 in
833 711 884 754 de
907 710 1212 754 Nederlanden
1237 712 1449 766 vergeten
1475 713 1514 753 te
1537 709 1624 767 ziJn
1649 709 1848 765 geraakt.

479 922 514 954 et
532 919 646 954 virtus
662 918 740 963 ipsa
756 917 990 953 confessionis
1003 927 1145 952 omnem
1160 916 1430 951 combusturam
1448 918 1521 950 tam
1540 915 1578 950 in
1591 915 1715 951 dolore
1729 925 1835 959 quam
1855 915 1975 950 colore
1988 915 2122 951 delevit

478 977 512 1009 et
535 984 663 1008 manus
686 973 877 1017 pristinam
901 972 1091 1007 sanitatem
1116 970 1266 1014 recepit.
1293 971 1449 1005 Vocatus
1472 973 1525 1005 est
1551 970 1609 1004 vir
1632 982 1653 1005 a
1678 969 1802 1015 judice
1826 970 1871 1004 ad
1896 969 2030 1013 ignem.
2065 969 2122 1005 Ad

478 1040 584 1072 quem
602 1027 755 1064 clericus
770 1040 777 1062 :
806 1042 821 1055 ιι
839 1028 960 1068 Quare
984 1038 1067 1062 eum
1083 1025 1244 1061 voeatis?
1260 1041 1274 1054 n
1301 1025 1372 1060 “Ut
1387 1026 1525 1065 ardeat,
1543 1043 1559 1061 n
1578 1024 1709 1068 inquit,
1729 1038 1744 1052 α
1760 1036 1802 1059 eo
1819 1024 1914 1068 quod
1935 1024 1973 1058 in
1990 1023 2122 1059 exami-

480 1083 626 1118 natione
644 1084 851 1118 combustus
867 1082 925 1117 sit.
937 1100 952 1116 ‚³
972 1082 1076 1117 Tunc*
1089 1080 1243 1115 clericus
1256 1080 1444 1116 ostendens
1457 1092 1605 1115 manum
1619 1079 1697 1115 eius
1710 1078 1934 1115 sanissimam
1952 1077 2123 1116 liberavit

481 1149 564 1174 eum
581 1150 601 1174 a
619 1138 753 1183 poenis,
773 1137 902 1174 ceteris
918 1137 1003 1182 igne
1021 1135 1229 1171 consumtis.
