2220 3471
707 746 1028 808 EERSTE
1077 746 1582 810 HOOFDSTUK

381 948 452 981 DE
477 947 973 981 BISSCHOPPELIJKE
997 948 1301 989 INQUISITIE
1325 949 1383 982 IN
1407 950 1478 983 DE
1501 950 1919 985 NEDERLANDEN

632 1024 864 1058 TIJDENS
908 1026 980 1058 ΒΕ
1027 1025 1106 1058 121de
1150 1026 1225 1059 EN
1272 1026 1357 1059 12d0
1401 1027 1657 1061 EEUWEN.

393 1394 601 1448 Strenger
618 1393 702 1436 dan
725 1395 765 1437 in
791 1395 842 1438 de
860 1395 1095 1452 Zuidelijke
1114 1395 1269 1438 landen
1295 1409 1378 1438 van
1402 1396 1573 1451 Europa
1597 1393 1606 1416 ¹
1631 1395 1843 1438 betoonde
1862 1409 1962 1438 men

329 1465 421 1507 zich
446 1479 530 1508 van
555 1470 669 1508 eerst
693 1466 741 1508 af
755 1482 836 1509 aan
855 1468 1010 1523 jegens
1033 1467 1085 1509 de
1117 1467 1285 1510 ketters
1308 1467 1351 1509 in
1375 1467 1403 1510 't
1431 1467 1684 1524 koninkrijk
1707 1467 1960 1524 Frankrijk,

329 1537 401 1579 dat
426 1537 518 1579 zich
537 1540 609 1580 ten
629 1538 829 1580 Noorden
854 1542 920 1581 tot
942 1551 1023 1580 aan
1047 1538 1128 1580 den
1167 1538 1441 1581 linkeroever
1479 1538 1554 1580 der·
1593 1538 1772 1581 Schelde
1808 1539 1852 1580 in
1886 1552 1963 1581 ons

331 1608 566 1651 vaderland
613 1609 863 1653 uitstrekte.
910 1611 968 1652 De
1006 1610 1263 1665 vervolging
1294 1609 1432 1666 begon
1478 1609 1559 1652 ook
1603 1610 1769 1652 weldra
1811 1609 1854 1651 in
1889 1610 1966 1652 het

326 1679 529 1722 Duitsche
564 1679 680 1736 Rijk,
707 1680 779 1723 dat
803 1684 875 1723 ten
905 1684 1064 1723 onzent
1087 1695 1139 1736 op
1163 1681 1246 1723 den
1270 1682 1577 1724 reehteroever
1601 1695 1685 1724 van
1704 1681 1959 1724 denzelfden

329 1755 490 1794 stroom
522 1751 634 1807 zijne
659 1752 841 1795 uiterste
864 1766 995 1808 grens
1020 1752 1158 1795 bezat.

386 1824 444 1866 De
489 1826 630 1867 eerste
671 1824 921 1880 toepassing
963 1825 1039 1866 der
1078 1823 1305 1867 doodstraf
1341 1824 1384 1867 in
1427 1824 1766 1880 West-Europa‚
1804 1838 1860 1867 na
1902 1824 1953 1867 de

329 1894 526 1950 opkomst
551 1895 627 1937 der
651 1894 821 1938 nieuwe
845 1898 1006 1946 secten,
1030 1893 1118 1938 had
1141 1895 1184 1937 in
1216 1895 1329 1939 1022
1351 1895 1509 1951 plaats.

383 1969 431 2010 In
455 1968 528 2011 dat
544 1968 642 2025 jaar·
665 1969 738 2011 liet
763 1968 815 2012 de
847 1969 1070 2011 Fransche
1103 1968 1267 2024 koning
1299 1967 1464 2011 Robert
1494 1969 1535 2010 II
1557 1967 1608 2011 de
1633 1971 1808 2020 Vrome,
1847 1982 1956 2012 zoon

325 2054 410 2083 van
447 2041 625 2096 Hugues
662 2041 810 2096 Capet,
847 2040 1014 2083 det-tien
1062 2041 1229 2084 ketters
1268 2049 1311 2083 te
1354 2038 1536 2083 Orldans
1576 2041 1618 2083 in
1656 2041 1770 2098 zijne
1807 2044 1960 2098 tegen-

325 2112 621 2168 woordigheid
661 2112 935 2155 verbranden
953 2110 984 2154 ².
1013 2113 1088 2156 Uit
1121 2113 1171 2156 de
1209 2113 1501 2169 opsporingen
1539 2114 1615 2156 der
1653 2114 1885 2170 geleerden
1927 2116 1962 2156 is

325 2183 551 2240 gebleken‚
579 2184 653 2226 dat
690 2183 741 2226 de
782 2183 1059 2239 brandstapel
1099 2185 1140 2226 in
1177 2184 1207 2226 ’t
1245 2183 1371 2239 begin
1412 2184 1489 2227 der
1528 2185 1866 2228 middeleeuwen
1912 2186 1962 2228 de

328 2259 461 2298 meest
500 2254 814 2311 gebruikelijke
858 2268 979 2298 vorm
1017 2259 1081 2298 tot
1114 2255 1191 2298 het
1231 2255 1453 2298 uitvoeren
1493 2255 1569 2298 der·
1608 2255 1834 2299 doodstraf
1852 2270 1959 2308 was,

328 2340 443 2369 meet·
480 2340 566 2383 nog
589 2327 671 2369 dan
695 2326 746 2369 de
769 2327 870 2383 galg
887 2326 918 2369 ³.
967 2326 1276 2369 Daarenboven
1311 2341 1400 2369 was
1426 2328 1501 2370 het
1534 2341 1613 2369 een
1650 2328 1783 2383 regel,
1815 2327 1887 2371 dat
1915 2328 1966 2371 de

328 2405 581 2443 tooveraars
605 2413 656 2440 en
680 2398 962 2454 giftmengers
987 2397 1202 2441 vet-brand
1225 2399 1417 2442 werden.
1442 2399 1653 2442 Wellicht
1677 2398 1967 2444 beschouwde

331 2484 428 2513 men
452 2470 503 2512 de
536 2470 727 2526 ketterij,
751 2469 805 2527 bij
831 2470 904 2512 dat
927 2475 1068 2512 eerste
1101 2469 1260 2526 geding
1284 2474 1326 2513 te
1350 2468 1547 2519 Orleians„
1571 2471 1634 2513 als
1657 2471 1756 2522 iets,
1784 2471 1857 2516 dat
1880 2476 1968 2516 met

331 2541 511 2598 tooverij
550 2555 602 2584 en
640 2542 895 2599 geestelijke
930 2541 1213 2597 vergiftiging
1245 2542 1330 2584 kon
1354 2542 1490 2598 gelijk
1533 2542 1698 2598 gesteld
1734 2543 1912 2586 worden
1931 2541 1963 2587 ⁴.

379 2765 389 2786 ¹
421 2765 548 2805 Havet,
569 2765 634 2799 blz.
650 2765 687 2797 11
708 2777 752 2800 on
776 2766 828 2799 12.

378 2819 390 2841 Ξ
422 2819 567 2853 Recueil
585 2819 647 2853 des
664 2819 862 2854 historiens
884 2819 948 2854 des
971 2818 1108 2854 Gaulos
1127 2824 1158 2853 ct
1174 2819 1218 2854 de
1234 2819 1272 2854 la
1291 2820 1446 2861 France,
1466 2820 1545 2855 deel
1564 2820 1611 2860 X,
1631 2819 1773 2864 passim.

380 2875 393 2895 ⁵
425 2874 552 2914 Havet,
569 2875 633 2909 blz.
656 2875 709 2907 14.

383 2930 398 2952 ⁴
426 2928 532 2970 Ibid.,
552 2930 604 2964 bl.
623 2930 676 2962 15.
