2220 3471
366 213 405 246 34
589 213 647 245 DE
679 210 1095 243 BISSCHOPPELIJKE
1128 208 1384 244 INQUISITIE
1417 208 1478 241 EN
1509 209 1581 259 DE*
1603 208 1784 240 PAUSEN

360 309 443 352 ban
467 323 518 350 en
546 312 713 350 nioeten
748 306 853 349 door
875 307 1077 349 iedereen
1111 304 1349 361 geschuwd
1376 306 1579 355 worden;
1620 319 1677 348 na
1715 306 1891 360 verloop
1918 319 2002 348 van

361 381 551 435 eenjaar
577 382 744 420 moeten
765 378 817 433 zij
843 378 907 419 als
932 378 1099 420 ketters
1134 376 1415 418 veroordeeld
1451 376 1646 418 worden.
1682 377 1901 431 Degenen‚
1931 376 1997 418 die

359 456 487 505 tegen
514 449 563 490 de
581 449 749 491 ketters
774 448 824 489 de
849 461 1029 502 wapens
1052 452 1276 502 opvatten,
1304 460 1372 488 om
1387 460 1434 488 ze
1453 446 1517 489 uit,
1535 450 1578 489 te
1611 446 1773 497 roeien,
1797 447 1940 489 zullen
1961 447 2004 489 al

357 521 408 563 de
427 520 588 562 aflaten
614 533 665 560 en
685 519 945 560 voordeelen
964 518 1041 560 der
1073 517 1407 560 kruisvaarders
1442 530 1549 559 naar
1583 518 1659 560 het
1696 517 1840 572 Heilig
1883 518 2004 560 Land

355 592 557 647 genieten
580 588 605 631 ¹.
633 589 914 644 Integendeel
933 589 1022 645 zijn
1040 589 1091 630 de
1115 588 1423 644 begunstigers
1448 588 1524 630 der
1547 587 1715 631 ketters
1743 588 1827 630 ook
1852 588 1893 630 in
1919 588 2002 631 den

355 662 437 704 ban
463 676 514 704 en
542 661 720 702 worden
747 674 800 702 na
824 661 1016 715 eenjaar
1034 659 1183 702 buiten
1212 660 1296 701 alle
1320 658 1493 701 ambten
1515 659 1730 714 gesloten.
1759 659 1818 715 Zij
1844 672 1999 714 mogen

354 734 447 775 niet
469 733 533 774 als
551 732 757 787 getuigen
782 731 992 785 optreden
1014 730 1122 772 noch
1158 732 1451 772 testamenten
1486 730 1644 771 maken
1680 729 1792 772 noch
1818 729 2002 772 erfenis-

354 819 431 848 sen
450 807 703 858 ontvangen
729 803 840 844 noch
866 800 972 844 voor
990 803 1016 844 ’t
1037 801 1218 856 gereeht
1238 801 1417 856 dingen.
1442 801 1672 848 RechterS.
1697 800 1938 844 advocaten
1959 800 2008 843 of

356 876 618 926 notarissem
641 874 707 915 die
732 873 834 915 deze
858 872 1175 916 voorschriften
1199 875 1274 914 ten
1300 871 1528 913 voordeele
1546 872 1637 914 dier
1661 871 1800 913 lieden
1837 872 2001 914 zouden

355 945 631 994 overtredem
660 949 830 986 moeten
852 943 1039 997 gestrast
1057 943 1254 985 worden.
1275 943 1482 985 Iedereen
1501 943 1565 985 zal
1590 942 1641 984 de
1664 943 1831 986 ketters
1851 943 2004 986 vluch-

352 1020 427 1061 ten
451 1030 502 1072 op
523 1015 638 1059 straf
657 1028 739 1057 van
761 1015 843 1057 den
865 1014 1142 1070 kerkelijken
1160 1013 1397 1056 banvloek.
1419 1015 1478 1055 De
1512 1013 1720 1068 priesters
1754 1027 1808 1056 en
1833 1014 2003 1056 monni-

355 1087 458 1138 ken,
484 1086 552 1129 die
576 1087 664 1128 hun
685 1085 735 1127 de
761 1087 1064 1127 sacramenten
1088 1084 1299 1126 bedienen
1324 1083 1372 1126 of
1400 1084 1485 1125 hen
1515 1083 1560 1125 in
1584 1083 1635 1125 de
1659 1082 1846 1140 gewijde
1870 1083 2003 1126 aarde

353 1157 573 1213 begraven
594 1156 640 1198 of
657 1156 805 1198 hunne
829 1154 966 1210 giften
991 1154 1155 1197 zouden
1177 1167 1436 1203 aannemem
1459 1156 1633 1195 moeten
1652 1153 1741 1196 hun
1761 1152 1883 1196 ambt
1901 1167 2001 1196 ver-

352 1229 507 1271 liezen.
536 1226 848 1269 Daarenboven
865 1226 1009 1269 wordt
1029 1226 1080 1267 de
1105 1225 1462 1280 samenwerking
1485 1238 1540 1267 en
1560 1224 2001 1280 ondergeschiktheid

353 1301 430 1343 der
453 1299 723 1355 wereldlijke
746 1298 893 1340 macht
914 1298 958 1339 in
983 1298 1034 1339 de
1069 1296 1480 1352 kettervervolging
1513 1309 1598 1351 nog
1622 1295 2003 1353 uitdrukkelijker

352 1372 573 1429 geregeld.
598 1370 815 1425 Eindelijk
849 1369 1025 1411 worden
1051 1369 1090 1410 al
1126 1369 1177 1410 de
1212 1367 1474 1423 bepalingen
1498 1380 1583 1409 van
1607 1367 1682 1410 het
1707 1367 1881 1410 decreet
1914 1381 1998 1410 van

352 1446 529 1488 Verona
570 1442 726 1499 (1184)
769 1441 1025 1497 aangaande
1070 1441 1121 1483 de
1165 1440 1533 1496 bissclioppelijke
1573 1439 1798 1494 Inquisitie
1853 1439 1998 1482 schier

351 1513 608 1570 woordelijk
633 1512 859 1562 lierhaald‚
891 1511 1020 1567 tenzij
1058 1511 1131 1554 dat
1166 1511 1217 1553 de
1251 1510 1366 1553 straf
1387 1510 1465 1552 der
1488 1510 1682 1565 nalatige
1706 1508 1992 1565 bisschoppen

350 1584 579 1641 merkelijk
600 1584 740 1626 wordt
767 1582 1017 1625 verzwaard
1046 1596 1053 1624 :
1083 1581 1134 1638 zij
1162 1582 1302 1624 zullen
1330 1582 1420 1623 niet
1443 1594 1561 1623 meet·
1579 1594 1685 1622 νοοῖ·
1702 1580 1783 1622 den
1809 1581 1890 1637 tijd
1911 1595 1992 1624 van

350 1657 442 1699 drie
459 1657 587 1713 jaren
606 1654 786 1697 worden
807 1654 1050 1712 geschot-st,
1076 1666 1196 1694 maar
1216 1652 1461 1706 eenvoudig
1480 1651 1652 1707 afgezet
1671 1664 1722 1693 en
1745 1664 1997 1707 vervangen

349 1727 528 1769 worden
551 1726 656 1768 door
679 1739 817 1767 eenen
839 1724 1003 1774 betere‚
1032 1723 1100 1765 die
1123 1723 1174 1764 de
1197 1722 1373 1778 ketterij
1404 1722 1477 1763 wil
1512 1736 1565 1764 en
1600 1722 1686 1763 kan
1722 1722 1936 1764 uitroeien
1961 1719 1993 1764 ².

411 1797 734 1854 Trapsgewijze
758 1796 929 1838 liadden
953 1795 1005 1837 de
1030 1808 1190 1850 pausen
1230 1794 1354 1836 aldus
1388 1793 1480 1835 hun
1516 1806 1788 1848 oppergezag
1811 1806 1917 1835 over
1942 1793 1993 1836 de

350 1869 635 1924 bisschoppen
661 1869 701 1910 in
726 1866 833 1909 zake
852 1881 937 1908 van
969 1864 1379 1919 kettervervolging
1402 1864 1619 1918 dusdanig
1642 1864 1882 1914 vemterkt,
1923 1864 1998 1907 dat

351 1941 391 1983 al
416 1940 466 1982 de
490 1938 799 1994 kerkvoogden
823 1940 893 1980 ter
922 1937 1037 1978 wille
1061 1937 1234 1978 hunner
1258 1934 1476 1977 lauwheid
1500 1933 1544 1976 in
1569 1934 1702 1976 dezen
1738 1947 1847 1976 naar
1864 1935 1997 1989 goed-

350 2012 525 2054 dunken
559 2010 730 2053 konden
755 2008 977 2065 gebroken
1015 2007 1192 2049 worden
1213 2020 1267 2048 en
1290 2005 1366 2048 dat
1397 2005 1450 2061 zij
1487 2005 1583 2047 zich
1617 2019 1726 2047 naar
1764 2008 1796 2047 's
1831 2019 1998 2060 pausen

351 2083 635 2137 omslachtige
669 2080 866 2136 regeling
889 2081 1063 2122 hunner
1097 2076 1461 2133 bissclioppelijke
1486 2076 1720 2131 Inquisitie
1755 2077 1998 2132 ootmoedig

351 2157 545 2197 moesten
569 2153 806 2208 gedragen.
834 2151 902 2193 Dit
935 2164 1024 2192 was
1058 2149 1209 2192 echter
1243 2161 1327 2203 nog
1365 2147 1455 2190 niet
1491 2160 1681 2202 genoeg;
1709 2146 1996 2190 recktstreeks

350 2226 479 2267 wilde
502 2224 666 2266 weldra
699 2224 750 2264 de
776 2223 828 2264 H.
856 2222 972 2264 Stoel
1006 2222 1081 2263 dat
1104 2233 1377 2276 oppergezag
1413 2219 1455 2260 in
1480 2218 1598 2261 ieder
1622 2218 1787 2261 bisdom
1811 2218 1993 2261 kunnen

350 2296 614 2339 uitoefenen.

398 2501 407 2522 ¹
440 2500 616 2535 Catholici
633 2511 731 2540 vero,
750 2498 810 2542 qui
828 2498 947 2533 crucis
962 2501 1144 2541 assumpto
1162 2497 1371 2532 charactere
1389 2495 1434 2530 ad
1454 2494 1721 2529 haereticorum
1739 2493 1994 2528 exterminium

349 2569 385 2591 se
410 2555 647 2595 accinxerint,
673 2555 737 2588 illa
761 2554 943 2597 gaudeant
965 2552 1194 2596 indulgentia
1218 2553 1354 2595 illoque
1382 2553 1506 2585 sancto
1534 2549 1728 2593 privilegio
1752 2548 1825 2583 sint
1848 2547 1992 2589 muniti,

349 2612 444 2655 quod
460 2609 713 2644 accedentibus
731 2609 865 2643 Terrae
883 2610 1036 2642 Sanctae
1052 2607 1252 2641 subsidium
1271 2605 1494 2641 conceditur.
1514 2605 1684 2649 (Corpus,
1703 2604 1770 2638 blz.
1791 2604 1864 2646 67.)

396 2667 410 2688 ”2
439 2666 475 2699 Si
491 2665 568 2708 quis
585 2664 681 2698 enim
694 2665 880 2707 episcopus
897 2674 1005 2706 super
1017 2662 1253 2706 expurgando
1270 2662 1313 2696 de
1327 2672 1392 2695 sua
1409 2659 1567 2695 dioecesi
1581 2658 1786 2693 haereticae
1804 2656 1994 2701 pravitatis

348 2722 524 2755 fermento
549 2719 737 2763 negligens
761 2718 872 2753 fuerit
895 2718 951 2752 vel
975 2717 1157 2758 remissus,
1183 2728 1266 2751 cum
1289 2715 1327 2751 id
1351 2715 1458 2750 certis
1483 2714 1630 2749 indiciis
1655 2711 1879 2757 apparuerit,
1898 2714 1932 2746 et.
1948 2712 1993 2745 ab

350 2774 544 2818 episcopali
568 2774 686 2807 officio
710 2774 912 2817 deponatur
934 2775 969 2807 et
995 2772 1034 2806 in
1058 2773 1178 2806 locum
1209 2771 1322 2815 ipsius
1349 2771 1441 2805 alter
1468 2769 1710 2804 substituatur
1738 2768 1901 2808 idoneus,
1930 2765 1993 2810 qui

348 2831 433 2865 velit
450 2838 484 2864 ct¹
498 2829 607 2873 possit
621 2829 839 2863 haereticam
856 2828 1076 2862 confundere
1093 2826 1321 2870 pravitatem.
1341 2827 1514 2869 alm-pus,
1533 2825 1600 2859 blz.
1620 2823 1690 2867 OS.)
