2220 3471
478 301 570 333 HET
610 300 855 333 ONTSTAAN
886 300 980 332 DER
1012 301 1297 333 PAUSELIJKE
1330 298 1588 338 INQUISITIE
1808 304 1848 337 43

205 410 309 440 over
340 398 502 440 andere
525 396 736 453 naburige
760 400 984 453 gewesten
1010 412 1093 440 van
1118 398 1194 442 het
1216 399 1473 456 koninkrijk
1495 400 1734 458 Frankrijk
1762 401 1849 445 had

203 468 271 511 die
303 471 399 523 pest
431 469 526 511 zioh
558 468 810 511 verbreid¹.
849 470 907 511 De
941 469 1112 512 ketters
1145 470 1375 525 predikten
1408 472 1534 521 alom,
1564 472 1729 527 kregen
1752 473 1848 515 veel

203 540 471 595 eenvoudige
517 540 658 584 lieden
696 541 740 583 in
777 540 926 583 hunne
964 541 1165 583 strikken
1211 556 1279 592 en,
1322 556 1533 585 wanneer
1572 543 1741 586 iemand
1780 543 1849 586 die

202 624 361 653 vossen
393 610 533 666 begon
567 615 610 654 te
643 611 900 666 vervolgen,
936 612 1156 667 ontliepen
1189 613 1240 670 zij
1276 613 1425 656 hunne
1448 613 1573 663 straf,
1611 614 1716 657 door
1739 628 1850 657 naar

204 694 310 724 eene
332 681 493 724 andere
516 682 657 737 plaats
676 685 719 725 te
741 682 996 726 verhuizen.

262 753 321 794 De
355 752 452 795 stad
485 753 544 795 La
576 752 1002 796 Charite-sur-Loire
1037 767 1128 796 was
1161 754 1252 797 niet
1275 753 1318 796 in
1343 755 1631 809 Bourgondie‚
1660 769 1782 798 maar
1804 757 1849 798 in

203 823 281 866 het
302 823 563 879 graafschap
583 824 750 867 Nevers
773 825 956 880 gelegen
991 838 1044 867 en
1076 824 1203 867 reeds
1226 825 1361 867 onder
1384 825 1458 868 het
1482 825 1632 880 gebied
1657 840 1742 869 van
1766 827 1849 870 den

201 894 527 949 aartsbisschop
551 909 636 938 van
654 895 777 946 Sens,
801 895 907 938 daar
927 896 977 953 zij
1001 899 1068 938 tot
1085 897 1163 939 het
1180 895 1344 938 bisdom
1363 897 1561 940 Auxerre
1578 897 1796 942 behoorde
1814 897 1846 942 ².

203 965 442 1020 Overigens
476 979 577 1007 nam
611 965 662 1007 de
696 979 804 1021 paus
837 966 913 1008 het
945 980 1030 1008 van
1065 966 1248 1008 broeder
1280 966 1447 1010 Robert
1471 969 1700 1022 geenszins
1724 970 1848 1012 euvel

203 1049 273 1091 op,
294 1036 369 1078 dat
386 1037 446 1092 hij
467 1035 613 1079 buiten
630 1036 706 1079 het
724 1037 825 1078 hem
848 1037 1043 1091 gestelde
1065 1037 1217 1093 gebied
1240 1038 1304 1080 als
1323 1039 1584 1093 inquisiteur
1601 1041 1848 1084 werkzaam

204 1119 298 1148 was
331 1110 557 1161 geweest:
594 1107 678 1148 wel
711 1107 1004 1162 integendeel.
1032 1109 1122 1150 Den
1161 1109 1213 1150 19
1247 1109 1368 1163 April
1398 1109 1510 1152 1233
1531 1110 1642 1152 zond
1663 1110 1723 1168 hij
1749 1112 1848 1154 hem

204 1192 311 1220 eene
332 1179 461 1233 lange
480 1178 553 1220 bul
573 1176 589 1199 ³
611 1192 680 1221 om
695 1179 794 1221 hem
814 1192 918 1221 over
941 1179 1054 1236 zijne
1077 1180 1370 1235 handelingen
1388 1184 1429 1223 te
1449 1182 1509 1223 La
1525 1181 1700 1225 Charite
1718 1183 1850 1239 geluk

203 1251 248 1291 te
284 1249 517 1291 wenschen
536 1246 553 1270 4
586 1262 638 1291 en
673 1252 740 1292 tot
771 1249 1034 1305 volharding
1066 1264 1148 1293 aan
1182 1254 1225 1293 te
1256 1264 1428 1293 manen.
1456 1252 1505 1293 In
1530 1251 1581 1294 de
1603 1254 1851 1296 voormelde

204 1320 300 1362 stad
319 1334 372 1363 en
396 1321 438 1362 in
464 1320 516 1362 de
540 1321 815 1376 omliggende
838 1326 1064 1377 gewesten
1088 1325 1226 1364 moest
1244 1321 1427 1365 broeder
1451 1322 1615 1366 Robert
1633 1328 1721 1367 met
1739 1325 1851 1382 zijne

202 1397 318 1435 twee
352 1391 690 1448 ambtgenooten
725 1392 772 1435 of
801 1397 890 1435 met
925 1393 1087 1436 slechts
1121 1391 1256 1435 eenen
1290 1394 1479 1445 hunner,
1517 1408 1593 1436 zoo
1616 1395 1668 1438 de
1689 1397 1851 1439 andere

203 1463 317 1507 belet
346 1477 454 1516 was,
484 1464 535 1506 de
574 1465 988 1520 kettervervolging
1027 1465 1184 1520 iJ'verig
1223 1479 1503 1508 waarnemen
1521 1463 1552 1516 ⁵,
1587 1466 1630 1508 in
1668 1480 1850 1522 gemeen

205 1535 383 1590 overleg
406 1537 495 1577 met
518 1535 570 1577 de
593 1534 900 1591 bissohoppen‚
927 1550 981 1578 en
1000 1536 1057 1592 hij
1084 1549 1162 1578 zon
1182 1536 1265 1578 dan
1289 1537 1340 1579 de
1363 1536 1468 1591 hulp
1487 1537 1564 1579 der
1580 1539 1851 1596 wereldlijke

206 1606 368 1657 macht‚
395 1619 472 1648 zoo
497 1606 656 1662 noodig
672 1604 702 1657 ⁶,
740 1607 962 1662 inroepen,
994 1606 1057 1649 dit
1078 1606 1185 1649 alles
1203 1620 1313 1650 naar
1330 1607 1418 1649 luid
1442 1608 1520 1650 der
1544 1607 1631 1660 bul,
1659 1609 1728 1652 die
1750 1611 1849 1653 hem

201 1690 388 1733 vroeger·
420 1676 644 1720 aanstelde
669 1678 698 1720 ⁷.
738 1679 827 1720 Ten
861 1678 986 1721 einde
1019 1678 1070 1721 de
1105 1678 1209 1721 taak
1233 1678 1310 1721 der
1331 1678 1616 1734 inquisiteurs
1634 1683 1678 1723 te
1694 1695 1848 1737 verge-

251 1881 262 1902 ¹
295 1882 425 1926 Sicque
459 1881 618 1917 ministri
654 1882 810 1918 Satanae
844 1884 1010 1918 scelerati
1042 1883 1148 1919 messi
1185 1883 1330 1919 divinae
1365 1895 1485 1919 semen
1517 1884 1852 1928 superseminarunt

202 1938 370 1980 iniquum
387 1948 452 1981 per
475 1936 755 1979 Bituricensem‚
779 1937 1099 1982 Rotomagensem,
1120 1939 1367 1973 Turonensem
1384 1941 1419 1973 et
1443 1939 1685 1974 Senonensem
1702 1940 1850 1983 provin-

204 1993 291 2036 cias,
310 2004 374 2036 per
390 1995 504 2028 totam
521 1992 630 2027 etiam
648 1993 861 2027 Flandriam
879 1996 914 2028 et
933 1993 1005 2027 alia
1021 1994 1137 2028 multa
1153 1994 1246 2036 loca,
1265 1993 1459 2037 praecipue
1475 2005 1539 2037 per
1555 1994 1675 2029 vicina
1687 1994 1725 2029 in
1737 2006 1851 2038 regno

203 2048 382 2084 Franciae
399 2047 606 2083 constituta.
625 2046 801 2092 (Corpus,
819 2048 885 2082 blz.
901 2048 971 2089 92.)

249 2103 264 2125 ²
290 2103 347 2138 Ad
363 2102 489 2137 villam
507 2102 743 2144 Charitatem,
769 2102 1097 2138 Autissiodorensis
1114 2102 1297 2138 dioecesis.
1317 2103 1491 2147 (Corpus,
1509 2103 1576 2137 blz.
1594 2104 1664 2146 91.)

251 2159 265 2180 5
293 2157 433 2202 Ripoll,
451 2157 530 2192 deel
546 2157 575 2198 1,
594 2158 661 2191 blz.
679 2158 735 2199 45,
753 2164 792 2191 nr
807 2157 872 2200 703
895 2157 1050 2201 Corpus,
1070 2158 1137 2192 blz.
1155 2158 1267 2191 90-93.

249 2213 264 2235 ⁴
292 2213 497 2247 Gandemus
516 2212 555 2246 in
572 2212 728 2246 Domino
752 2214 787 2247 et
811 2212 850 2246 in
875 2212 1036 2255 potentia
1062 2212 1208 2247 virtutis
1233 2214 1323 2257 ejus,
1341 2213 1396 2246 illi
1412 2224 1432 2246 a
1450 2224 1520 2256 quo
1537 2216 1588 2248 est
1604 2224 1709 2247 omne
1725 2213 1850 2248 datum

203 2267 380 2311 optimum
398 2270 433 2302 et
450 2278 556 2301 omne
569 2267 703 2301 donum
718 2268 918 2310 perfectum
934 2267 1057 2301 laudes
1072 2271 1223 2310 quantas
1238 2279 1425 2311 possumus
1443 2271 1475 2302 et
1490 2268 1626 2311 gratias
1641 2269 1849 2310 referentes,

203 2323 312 2365 quod,
337 2322 431 2357 sicut
453 2333 497 2356 ex
520 2324 722 2356 vestrarum
747 2322 992 2357 intelleximus
1017 2321 1239 2357 continentia
1256 2322 1474 2364 litterarum,
1492 2322 1552 2366 pia
1568 2326 1683 2357 mater
1699 2322 1850 2357 ecclesia

203 2380 319 2420 potest
334 2376 390 2411 his
408 2376 535 2410 diebus
551 2388 593 2410 ac
610 2376 714 2411 debet
731 2376 863 2411 merito
881 2377 1123 2420 congaudere,
1143 2388 1217 2411 enz.
1236 2377 1405 2420 (Corpus,
1424 2378 1491 2411 blz.
1508 2378 1578 2418 91.)

251 2432 264 2453 ⁵
292 2432 346 2466 Ne
369 2431 485 2475 igitur
509 2442 616 2474 super
639 2431 696 2464 his
719 2442 822 2465 mora
846 2431 1050 2474 periculum
1080 2432 1125 2465 ad
1153 2443 1189 2466 se
1216 2431 1350 2473 trahat,
1382 2431 1519 2466 dictum
1548 2431 1735 2475 negotium
1766 2435 1850 2467 tuae

168 2499 180 2509 *
204 2485 418 2530 prudentiae
452 2485 621 2520 duximus
658 2485 971 2528 committendum,
1010 2486 1237 2520 devotionem
1272 2490 1372 2520 tuam
1407 2490 1578 2530 rogantes
1609 2486 1780 2521 attentius
1816 2490 1851 2521 et

204 2543 390 2575 monentes
415 2543 449 2575 et
472 2540 511 2574 in
535 2539 783 2574 remissionem
809 2540 875 2574 tibi
906 2541 1156 2583 peccaminum
1190 2541 1434 2584 injungentes,
1463 2544 1640 2584 quatenus
1671 2552 1743 2575 una
1767 2553 1850 2575 cum

204 2594 311 2630 dictis
337 2595 486 2639 collegis
509 2595 582 2629 tuis
606 2595 663 2629 vel
687 2606 813 2628 eorum
833 2595 961 2636 altero,
979 2595 1007 2628 si
1026 2596 1132 2629 ambo
1150 2607 1221 2629 non
1238 2595 1395 2638 poterint
1413 2596 1596 2637 interesse,
1615 2607 1656 2629 ac
1673 2595 1850 2630 dioecesa-

205 2661 336 2684 norum
361 2649 512 2684 consilio
537 2650 582 2683 ad
607 2649 863 2693 extirpandum
888 2650 932 2684 de
958 2649 1043 2684 villa
1062 2650 1225 2692 praefata
1241 2653 1276 2684 et
1293 2650 1492 2684 convicinis
1508 2649 1730 2694 regionibus,
1744 2651 1851 2693 juxta

204 2704 368 2748 priorum
387 2704 646 2739 continentiam
665 2705 886 2745 litterarum,
902 2704 1124 2739 haereticam
1142 2704 1371 2747 pravitatem.
1389 2705 1560 2748 (Corpus,
1579 2705 1645 2738 blz.
1663 2705 1734 2745 92.)

252 2758 266 2780 ὓ
293 2759 478 2794 Advocato
495 2759 540 2793 ad
556 2759 639 2800 hoc,
659 2759 688 2792 si
710 2770 852 2793 necesse
869 2759 993 2800 fuerit,
1009 2759 1158 2793 brachio
1176 2759 1344 2793 seculari.
1362 2760 1533 2803 (Corpus,
1551 2759 1617 2793 blz.
1636 2760 1706 2799 92.)

253 2813 264 2835 ⁷
295 2813 346 2848 Te
369 2813 525 2857 gelijker
549 2813 615 2855 tijd
639 2814 729 2847 zond
752 2814 796 2847 de
820 2824 909 2856 paus
933 2813 1015 2848 hcm
1040 2814 1083 2847 de
1109 2816 1279 2854 5131111611,
1304 2813 1361 2847 (116
1393 2813 1443 2855 hij
1470 2818 1576 2857 tegen
1600 2814 1644 2848 de
1671 2813 1708 2847 in
1735 2813 1852 2855 schijn

204 2867 396 2910 bekeerde,
414 2868 507 2902 doch
524 2868 758 2902 hcrvallcndc
777 2868 913 2902 ketters
927 2868 965 2902 in
980 2867 1156 2902 Fcbruari
1172 2868 1257 2900 1233
1269 2868 1339 2902 had
1353 2867 1598 2911 afgekondigd
1611 2868 1676 2909 (zie
1695 2868 1850 2911 Corpus,

204 2923 429 2965 blz-89‚stuk
442 2923 562 2963 n189):
577 2923 759 2957 Attentius
773 2922 996 2966 provisurus,
1012 2934 1056 2957 116
1071 2923 1132 2965 qui
1147 2922 1316 2957 videntur
1331 2923 1476 2962 reverti,
1491 2922 1690 2957 moliantur
1702 2922 1851 2966 gravius

206 2976 348 3012 vineam
373 2977 518 3012 Domini
549 2977 730 3018 demoliri,
759 2978 853 3012 unde
876 2977 1096 3021 apostolicae
1119 2977 1211 3012 sedis
1236 2980 1382 3020 statuta,
1399 2989 1490 3021 quae
1507 2989 1615 3021 super
1643 2977 1850 3020 hujusmodi
