2220 3471
362 251 400 284 602
600 247 659 283 DE
692 244 1031 282 HANDELINGEN
1066 249 1160 282 DER
1190 246 1476 282 PAUSELIJKE
1509 245 1767 285 INQUISI'I'IE

360 349 582 404 L‘odewijk
615 349 680 391 IX
714 363 766 391 θη
800 348 985 390 broeder
1019 362 1101 390 van
1135 347 1217 390 den
1243 347 1540 403 regeerenden
1566 347 1732 403 koning
1754 347 1920 403 Philips
1941 346 2004 391 ΠΙ

360 419 440 461 den
465 419 615 462 Stoute
640 416 669 461 ¹.
711 418 802 461 Ook
826 419 890 460 als
915 418 1174 473 inquisiteur
1212 420 1329 460 moet
1361 417 1544 460 broeder
1566 418 1710 461 Simon
1737 419 1793 462 du
1816 420 1898 463 Val
1923 434 2002 463 een

359 489 633 544 toongevend
659 503 755 531 man
778 494 973 544 geweest
991 490 1094 545 zijn.
1116 489 1165 531 Ιη
1184 489 1261 531 het
1279 489 1444 544 hooger
1462 488 1707 544 besproken
1726 489 2004 548 handboekje

358 560 436 601 cler·
470 559 689 614 Inquisitie
721 559 877 602 komen
915 573 996 601 van
1033 559 1132 601 hem
1166 560 1256 602 niet
1291 559 1459 602 minder
1482 559 1566 602 dan
1591 574 1663 603 zes
1686 561 2003 616 inquisitoriale

358 629 550 672 stukken
574 643 694 681 voor,
717 630 783 673 die
803 632 866 673 als
885 630 1163 673 sor-mulieren
1184 631 1363 674 worden
1387 644 1639 687 opgegeven
1661 647 1746 676 aan
1764 632 1816 676 de
1833 633 2001 677 ketter-

359 703 568 743 meesters
594 699 626 743 ².
1188 696 1191 698 ’

421 773 611 814 Meester
646 771 821 827 Sigerus
856 785 940 814 van
980 771 1173 814 Brabant
1212 785 1302 814 was
1343 786 1423 814 een
1461 773 1538 815 der
1575 773 1848 818 beroemdste
1871 775 2004 832 hoog-

359 844 549 886 leeraars
582 843 659 884 der·
691 843 916 899 Pai‘ijsche
948 842 1171 884 Sin-bonne
1204 857 1257 885 en
1282 843 1475 886 wellicht
1499 844 1614 886 telde
1648 845 1706 901 hij
1733 845 1868 888 onder
1890 847 2004 903 ziJne

358 913 659 969 geestdriftige
699 914 933 956 studenten
973 927 1026 956 en
1066 913 1350 956 toehoorders
1388 915 1470 957 den
1505 915 1838 973 onsterfelijken
1865 918 2004 960 Dante

359 983 589 1040 Alighieri,
627 984 694 1026 die
739 984 836 1026 hem
877 984 916 1025 in
957 984 1071 1040 zijne
1109 983 1283 1027 Divina
1324 983 1574 1028 Oommedia
1615 999 1721 1029 eene
1761 988 2004 1042 eereplaats

359 1055 477 1097 heeft
511 1067 708 1110 gegeven
742 1056 784 1097 in
819 1055 901 1097 den
935 1055 1093 1106 hemel,
1122 1069 1244 1097 waar
1261 1056 1312 1097 de
1332 1055 1491 1111 heilige
1514 1057 1702 1099 Thomas
1725 1070 1811 1099 van
1833 1057 2003 1112 Aquino

358 1128 457 1170 hem
474 1127 554 1169 den
580 1130 765 1181 grooten
790 1126 1119 1170 Brabantschen
1144 1127 1345 1182 geleerde
1366 1128 1571 1185 aanwijst
1595 1129 1659 1171 als
1683 1141 1764 1170 een
1794 1145 1811 1167 α
1832 1127 2002 1183 eeuwig

360 1198 552 1240 lichtst.
595 1197 692 1239 Van
728 1211 862 1239 onzen
897 1197 1074 1252 Sigerus
1107 1197 1220 1240 bezit
1252 1211 1347 1240 men
1383 1197 1657 1255 belangrijke
1691 1197 1870 1240 wer-ken
1899 1211 2004 1240 over

358 1268 645 1323 godgeleeisse
683 1282 737 1309 en
778 1268 1054 1324 wijsgeerige
1088 1269 1405 1325 ondei‘werpen
1431 1269 1567 1312 onder
1589 1269 1642 1312 de
1666 1268 2003 1312 handschriften

358 1339 435 1381 dei*
457 1338 687 1381 Nationale
711 1337 984 1381 Bibliotheek
1010 1344 1052 1381 te
1076 1339 1234 1396 Parijs.

418 1410 608 1452 Meester
632 1411 848 1451 Bernerus
884 1423 965 1451 van
992 1410 1132 1466 Nisi-el
1161 1424 1249 1452 was
1272 1410 1353 1452 iets
1379 1409 1547 1452 minder
1571 1409 1773 1453 beroeind
1797 1409 1881 1452 dan
1915 1409 2002 1466 zijn

357 1481 580 1536 lotgenoot
604 1480 646 1522 in
673 1493 749 1522 ons
773 1479 1108 1535 kettergeding3
1138 1494 1257 1522 maar
1282 1495 1362 1522 van
1389 1481 1487 1522 hem
1512 1480 1655 1522 wordt
1678 1481 1778 1523 toch
1803 1480 1997 1536 getuigd,

358 1551 432 1594 dat
457 1551 514 1607 hij
541 1564 608 1593 om
633 1551 745 1606 zijne
770 1551 981 1593 schriften
1005 1550 1202 1593 befaamd
1222 1565 1313 1593 was
1333 1565 1386 1593 en
1405 1551 1488 1593 ook
1505 1551 1728 1594 leeraarde
1745 1551 1790 1593 in
1809 1550 2003 1594 dezelfde

405 1779 413 1802 ¹
446 1778 573 1820 Quetif
592 1791 637 1814 en
666 1768 823 1821 Echard,
842 1779 1045 1822 Scriptores
1074 1778 1220 1812 ordinis
1253 1778 1569 1821 praedicatorum,
1588 1777 1667 1812 dee]
1680 1777 1709 1818 Ι,
1727 1776 1797 1812 blz.
1814 1776 1893 1819 394,
1909 1776 1974 1809 395
1992 1788 2002 1819 3

358 1833 509 1869 Daunou
527 1834 564 1868 in
582 1834 626 1868 de
643 1834 806 1867 Histoire
821 1833 1006 1867 Ζίείέναὶνθ
1023 1833 1068 1866 de
1089 1834 1243 1874 I‘ranoe,
1263 1833 1343 1867 deel
1360 1833 1409 1874 X,
1423 1833 1474 1867 bl.
1492 1832 1654 1865 385-387.

402 1888 416 1910 ²
435 1889 504 1923 Het
516 1889 608 1930 zijn:
626 1889 657 1922 1.
684 1888 824 1921 Forma
853 1887 1080 1921 convocandi
1113 1887 1254 1921 clerum
1284 1893 1317 1920 et
1349 1887 1533 1931 populum
1560 1896 1630 1930 pro
1658 1895 1826 1919 sermone
1856 1885 2002 1928 (Datum

357 1943 507 1978 Cadomi
520 1953 615 1976 anno
631 1941 776 1976 Domini
792 1943 875 1975 1277
893 1942 931 1975 in
949 1942 1037 1976 festo
1056 1941 1094 1976 S.
1112 1941 1297 1986 Agnetis);
1319 1944 1352 1976 2.
1369 1942 1459 1975 Alia
1473 1943 1598 1986 forma
1616 1941 1843 1974 convocandi
1861 1940 2002 1974 clerum

356 2003 387 2030 et
397 1997 583 2041 populum
601 1997 747 2039 (Datum
761 1995 969 2030 Aurelianis
986 2007 1081 2030 anno
1101 1996 1247 2030 Domini
1262 1995 1347 2028 1268
1364 1996 1455 2030 feria
1468 1996 1523 2030 iii.
1553 1998 1632 2039 post
1655 1996 1785 2029 festum
1803 1995 2001 2029 Beatorum

358 2051 458 2085 Petri
471 2054 506 2085 et
522 2050 639 2093 Pauli)
658 2064 666 2093 ς
683 2054 713 2085 3.
734 2051 875 2084 Forma
900 2051 1044 2084 citandi
1059 2061 1118 2084 eos
1137 2052 1200 2094 qm·
1227 2052 1345 2084 vocati
1371 2061 1446 2084 non
1469 2049 1809 2090 veneruntfflatum
1838 2047 2005 2083 Ebroicis

356 2116 451 2138 anno
478 2104 623 2138 Domini
654 2105 736 2138 1277
765 2104 857 2139 feria
888 2105 936 2138 vi.
964 2107 1048 2139 ante
1071 2105 1202 2139 festum
1221 2105 1262 2139 B.
1289 2104 1341 2138 M.
1361 2105 1685 2148 ix=1agdalenae);4.
1703 2104 1843 2137 Forma
1859 2102 2003 2137 citandi

355 2163 538 2201 suspectos
555 2157 600 2190 de
618 2157 763 2192 haeresi
778 2159 927 2201 (Datum
951 2158 1048 2201 apud
1077 2158 1250 2192 Ebroicas
1278 2158 1369 2192 feria
1398 2169 1431 2191 v.
1451 2161 1535 2193 ante
1555 2159 1686 2192 festum
1704 2159 1746 2192 B.
1773 2158 1825 2192 M.
1848 2157 2004 2201 Magda-

356 2211 459 2245 lenae
474 2222 568 2245 anno
582 2210 728 2245 Domini
744 2212 841 2252 1277)
858 2224 865 2254 ς
883 2212 917 2243 5.
934 2212 1072 2245 Forma
1091 2223 1108 2244 c
1126 2211 1233 2244 canali
1253 2222 1312 2244 eos
1330 2213 1393 2255 qui
1410 2222 1568 2255 regnum
1593 2214 1766 2246 exierunt
1782 2217 1815 2245 et
1831 2214 1871 2244 in
1887 2221 2003 2256 reyno

357 2267 619 2299 commis-eremit
658 2266 805 2307 (Datum
840 2277 935 2300 anno
972 2265 1117 2299 Domini
1158 2266 1240 2299 1277
1271 2266 1328 2299 die
1364 2266 1473 2299 lunae
1506 2266 1546 2299 in
1574 2267 1664 2301 sesto
1691 2267 1736 2299 Β.
1769 2265 1978 2307 Clementis)
1993 2278 2002 2309 ;

356 2323 388 2353 6.
406 2319 544 2353 Forma
560 2319 747 2353 scribendi
756 2331 830 2364 pro
843 2331 910 2364 cap
930 2319 1036 2353 endis
1052 2321 1120 2364 fay
1139 2322 1224 2353 civis
1238 2320 1407 2361 (Valeant
1422 2323 1626 2363 praesentes
1644 2333 1757 2366 usque
1771 2323 1817 2357 ad
1829 2322 2004 2357 instantes

358 2377 503 2408 octavos
518 2375 560 2409 B.
580 2374 765 2409 Vincentii
782 2374 978 2417 martyris).
1009 2374 1099 2408 Deze
1117 2373 1276 2408 stukken
1295 2374 1397 2408 vindt
1414 2385 1496 2408 men
1520 2374 1568 2417 bij
1594 2375 1761 2412 Martene
1777 2388 1822 2412 en
1840 2376 2004 2418 Durand‚

363 2429 571 2464 Thesaurus
587 2440 702 2463 novus
718 2428 916 2462 anecdotor
946 2440 995 2468 m,
1017 2428 1097 2462 deel
1116 2428 1157 2468 V,
1183 2428 1249 2462 blz.
1272 2428 1469 2460 1810-1813.

405 2483 419 2504 ⁵
447 2482 585 2524 Questi,
604 2483 696 2517 onde
713 2494 734 2515 a
751 2493 807 2516 me
820 2482 960 2516 ritorna
977 2481 1004 2514 il
1022 2486 1084 2516 tuo
1102 2481 1294 2525 rignardo,
1341 2483 1353 2524 l
1403 2481 1431 2515 E
1447 2482 1474 2515 il
1499 2482 1597 2516 lume
1614 2482 1721 2518 d‘uno
1747 2483 1874 2527 spirto,
1889 2482 1955 2518 che
1972 2482 2005 2517 'n

358 2538 514 2580 pensieri
559 2537 572 2580 l
620 2537 731 2571 Gravi
759 2547 780 2570 a
811 2536 945 2570 morire
969 2536 995 2570 li
1027 2547 1137 2579 parve
1168 2547 1267 2570 essor
1289 2536 1407 2570 tardo.
1457 2537 1468 2578 l
1514 2536 1601 2570 Essa
1618 2540 1637 2571 θ
1656 2536 1692 2570 la
1707 2537 1789 2572 luce
1819 2540 1944 2572 eterna
1966 2536 2004 2571 di

360 2592 508 2636 Sigieri,
533 2594 543 2633 Ι
569 2593 642 2627 Che
665 2592 846 2635 leggendo
863 2592 923 2626 nel
947 2591 1027 2626 vico
1043 2591 1141 2635 degli
1164 2591 1290 2626 strami
1313 2590 1327 2634 l
1365 2591 1538 2635 Sillogizo
1556 2591 1727 2626 invidiosi
1743 2592 1831 2626 veri.
1849 2593 2005 2634 (Divina

362 2647 587 2688 Commedia,
605 2647 794 2688 paradiso,
816 2648 930 2682 Canto
943 2648 991 2688 X,
1010 2659 1046 2681 v.
1072 2647 1134 2680 136
1153 2658 1198 2682 en
1216 2649 1292 2690 vg.)
1308 2667 1350 2671 —
1368 2646 1464 2682 Over
1481 2646 1631 2691 Sigerus
1655 2658 1724 2681 van
1754 2647 1927 2689 Brabant,
1951 2646 2005 2682 zie

359 2700 487 2735 Victor
503 2701 552 2736 Le
578 2701 681 2736 Clerc
697 2701 736 2735 in
748 2701 792 2736 de
821 2702 987 2735 Histoire
1013 2701 1198 2735 litteraz're
1227 2700 1273 2734 de
1288 2701 1450 2743 France,
1470 2701 1551 2736 decl
1577 2701 1683 2742 XXI,
1701 2700 1770 2734 blz.
1789 2700 1832 2733 96
1848 2711 1893 2735 θη
1909 2711 1971 2744 vg.
1993 2712 2002 2743 ;

361 2756 469 2798 Alph.
484 2756 671 2796 VVautors,
694 2756 739 2789 Le
755 2755 826 2789 duc
839 2756 930 2790 Jean
948 2757 998 2789 Icr
1015 2761 1045 2788 et
1064 2755 1096 2789 Ze
1123 2756 1295 2790 Brabcznt
1319 2766 1403 2790 sous
1422 2755 1456 2789 le
1483 2758 1598 2799 reque
1621 2755 1667 2790 de
1682 2765 1718 2788 ce
1727 2757 1860 2799 prince
1887 2754 2003 2796 (1267-

363 2810 474 2851 4294),
505 2811 570 2844 blz.
598 2811 776 2853 380-3813
804 2811 948 2854 Kervyn
981 2811 1024 2844 de
1052 2810 1286 2851 Lettenhove,
1322 2810 1362 2844 in
1384 2810 1428 2844 de
1461 2810 1650 2843 Bullecins
1676 2809 1721 2842 de
1748 2809 1836 2843 l'Ac.
1856 2820 1939 2853 roy.
1957 2808 2002 2843 de

361 2864 554 2909 Βθῐμῖᾳιιε,
590 2866 623 2896 le
648 2864 763 2905 reeks,
794 2865 873 2898 decl
905 2864 987 2901 XX,
1022 2864 1089 2898 blz.
1119 2864 1293 2907 252-2593
1319 2875 1363 2898 en
1377 2863 1501 2898 vooral
1518 2862 1582 2898 Ch.
1611 2862 1756 2904 Potvin,
1773 2863 1842 2897 ook
1859 2862 1997 2906 aldaar,

362 2919 398 2952 ΞΕ
416 2920 531 2956 rec—ks,
550 2920 627 2954 decl
642 2919 755 2957 XLV.
775 2920 842 2954 bla.
859 2920 1013 2951 {BP-338.

2182 3377 2193 3383 ¹
2204 3397 2220 3413 ’ἢ

1595 3463 1600 3465 -
1631 3418 2220 3471 ixh'dstecwfi
