2220 3471
354 228 394 262 36
625 228 715 260 HET
748 227 992 260 ONTSTAAN
1026 226 1120 259 Dm<
1152 226 1435 259 PAUSELIJKE
1468 227 1724 263 INQUISITIE

412 327 457 367 ln
483 327 556 367 het
579 326 702 380 ἔζων-,11
733 339 816 367 van
847 326 861 366 1
880 326 959 368 145
976 324 1094 367 werd
1109 324 1349 374 Americus,
1369 338 1447 366 een
1466 324 1543 366 der
1559 324 1776 367 Luiksche
1798 323 1982 376 ketters,

350 411 399 452 op
422 398 504 452 zijn
533 397 657 451 eigen
693 395 877 438 verzoek
901 393 912 415 ¹
935 409 1043 437 naar
1079 397 1212 438 Rome
1251 395 1491 450 gezonden,
1519 398 1592 438 ten
1627 394 1752 438 einde
1775 394 1880 437 door
1902 394 1984 437 den

346 481 452 522 paus
476 468 624 509 zelven
649 466 882 521 gevonnist
905 469 948 507 te
982 465 1178 507 worden.
1215 465 1458 521 Desgelijks
1491 465 1587 507 zien
1620 465 1694 520 wij
1729 465 1772 507 in
1801 465 1916 509 1162
1933 465 1985 508 de

344 539 604 583 Vlaainsche
627 539 794 582 ketters
818 538 1009 586 eisclien‚
1038 537 1111 580 dat
1145 538 1196 593 zij
1224 535 1329 579 voor
1362 538 1443 580 den
1477 551 1584 593 paus
1621 537 1832 593 gebracht
1870 551 1987 580 wor-

343 609 442 661 den,
490 611 596 652 daar
639 610 690 665 zij
727 610 778 651 de
802 608 1058 663 strengheid
1091 621 1176 650 van
1222 607 1305 651 den
1349 607 1674 664 aartsbisschop
1718 622 1804 652 van
1838 608 1984 652 Reims

343 681 551 723 vreesden
576 678 620 731 2;
649 695 701 723 en
720 681 784 722 als
808 679 860 722 de
884 693 989 734 paus
1015 679 1099 721 hen
1127 677 1235 721 voor
1253 679 1304 721 de
1339 679 1596 735 geestelijke
1619 678 1860 723 rechtbank
1896 693 1983 722 van

342 752 441 793 dien
466 751 718 806 kerkvoogd
742 750 871 792 wilde
904 749 1216 805 terugzenden‚
1260 749 1512 805 weigerden
1536 750 1588 806 zij
1614 749 1892 806 hardnekkig
1929 763 1982 792 en

339 823 601 865 verzochten
637 823 718 864 den
744 835 847 876 paus
873 822 957 863 hen
983 820 1072 862 zelf
1091 824 1134 863 te
1159 821 1412 871 vonnissen,
1441 821 1631 877 hetgeen
1651 821 1901 864 Alexander
1921 821 1984 862 III

340 893 598 936 verklaarde
628 894 716 935 niet
738 896 782 934 te
808 891 952 934 willen
978 891 1088 934 doen
1122 891 1282 934 zonder
1317 895 1434 934 eerst
1458 892 1533 935 het
1556 893 1766 948 gevoelen
1790 905 1875 934 van
1900 892 1982 934 den

336 965 516 1020 koning,
540 978 623 1007 van
644 965 723 1007 den
748 963 1071 1018 aartsbisschop
1092 977 1144 1005 en
1166 976 1249 1005 van
1275 963 1437 1005 andere
1456 963 1747 1020 geestelijken
1767 963 1982 1006 daarover

338 1038 382 1077 te
405 1035 580 1078 kennen
601 1033 632 1078 ³.

396 1110 481 1151 Het
505 1108 630 1150 recht
649 1121 732 1150 van
759 1107 839 1149 den
866 1120 972 1162 paus
995 1119 1062 1148 om
1087 1106 1180 1148 zich
1204 1105 1504 1149 rechtstreeks
1528 1108 1614 1148 met
1647 1105 1699 1148 de
1732 1105 1981 1149 ketterver-

335 1181 514 1236 volging
552 1180 628 1222 der
661 1179 947 1235 bisschoppen
974 1179 1085 1221 inte
1124 1179 1261 1229 laten,
1289 1193 1382 1222 was
1417 1193 1465 1222 er
1497 1179 1620 1222 aldus
1653 1193 1782 1222 verre
1815 1193 1902 1222 van
1935 1179 1984 1222 as

334 1251 541 1308 duideliJk
579 1250 851 1307 afgebakend
877 1253 919 1292 te
953 1250 1058 1307 zijn,
1086 1252 1190 1293 toen
1228 1250 1466 1306 Gregorius
1505 1250 1586 1301 IX,
1624 1250 1668 1293 in
1693 1250 1770 1293 het
1808 1251 1978 1294 tweede

332 1323 577 1365 vierendeel
599 1323 675 1365 der
697 1319 784 1364 130ο
807 1335 947 1371 eeuw,
986 1321 1062 1363 het
1100 1321 1201 1376 plan
1237 1324 1413 1376 opvatte
1443 1335 1498 1364 en
1531 1321 1763 1364 volvoerde
1787 1335 1853 1364 om
1893 1335 1975 1365 aan

331 1395 381 1437 de
406 1394 770 1450 nieuwgestichte
793 1392 1056 1435 bedelorden
1081 1391 1192 1448 zijne
1217 1391 1532 1447 inquisitoriale
1565 1393 1768 1435 machten
1792 1406 1898 1435 over
1933 1396 1976 1435 te

329 1465 492 1521 dragen
513 1479 566 1507 en
591 1465 693 1507 (leze
716 1463 1035 1506 voortvarende
1060 1463 1296 1505 monniken
1322 1464 1385 1506 als
1423 1463 1665 1520 pauselijke
1690 1463 1975 1518 inquisiteurs

329 1539 456 1579 naast
473 1536 524 1578 de
547 1535 835 1591 bisschoppen
855 1538 898 1578 te
923 1534 1031 1576 doen
1056 1534 1286 1589 optreden.

389 1609 498 1652 Wat
521 1608 619 1650 hem
643 1607 822 1650 daartoe
847 1612 1018 1660 noopte‚
1046 1619 1154 1656 was,
1180 1619 1289 1648 naar
1314 1605 1399 1648 alle
1424 1605 1894 1663 waarschijnlijkheid,
1922 1605 1974 1648 de

325 1679 591 1735 gevaarlijke
615 1678 895 1732 verbreiding
919 1677 996 1719 der
1014 1677 1270 1733 ketteriJen,
1299 1677 1366 1719 die
1406 1677 1556 1720 alsdan
1583 1677 1627 1719 in
1646 1677 1974 1732 west-Europa

323 1751 444 1793 werd
468 1750 750 1806 vastgesteld,
780 1748 971 1791 alsmede
998 1748 1050 1790 de
1083 1747 1241 1790 flauwe
1279 1748 1392 1804 ijver
1430 1748 1536 1791 door
1570 1748 1621 1790 de
1646 1751 1809 1791 meeste
1841 1748 1972 1790 kerk-

326 1822 522 1877 voogden
546 1822 589 1863 in
626 1822 676 1863 de
716 1819 1076 1874 onderdrukking
1109 1819 1186 1861 der
1221 1820 1392 1862 ketters
1428 1834 1510 1862 aan
1551 1820 1633 1862 den
1674 1819 1758 1874 dag
1796 1819 1966 1874 gelegd‚

325 1895 469 1937 oindat
493 1894 544 1949 zij
573 1894 666 1935 veel
689 1892 851 1935 andere
876 1891 1142 1946 bezigheden
1185 1891 1374 1934 hadden.
1395 1892 1445 1933 In
1490 1905 1596 1933 eene
1634 1890 1707 1933 bul
1747 1905 1828 1934 van
1858 1891 1970 1935 1233

325 1966 457 2021 zegde
474 1965 712 2020 Gregorius
731 1963 853 2006 zulks
872 1962 1194 2019 uitdrukkelijk
1214 1976 1296 2004 aan
1317 1962 1367 2004 de
1391 1962 1615 2004 Fransche
1635 1961 1920 2017 bisschoppen
1934 1960 1965 2014 4;

372 2199 380 2221 ¹
412 2198 485 2233 Sua
503 2198 674 2242 petitione
691 2198 863 2242 (Corpus,
881 2198 949 2232 blz.
965 2198 1032 2240 32).

368 2255 382 2276 2
411 2254 505 2294 Quia
528 2253 624 2297 apud
647 2265 729 2288 eum
754 2264 825 2287 non
850 2253 995 2296 patebat
1012 2251 1086 2286 illis
1102 2251 1301 2295 refugium,
1329 2251 1647 2295 proclamaverunt
1670 2250 1716 2286 ad
1743 2250 1967 2286 audientiam

320 2312 488 2344 vestram.
504 2310 674 2352 (Corpus,
695 2308 762 2342 blz.
780 2308 850 2350 38.)

368 2365 382 2386 ⁵
411 2364 460 2398 De
477 2375 565 2407 pans
582 2363 721 2405 schrijft
739 2363 906 2397 hierover
919 2373 988 2396 aan
1005 2362 1074 2397 den
1091 2361 1232 2406 koning
1248 2373 1254 2394 :
1275 2362 1346 2396 Eos
1362 2361 1597 2406 adjudicium
1610 2361 1826 2396 venerabilis
1843 2360 1967 2396 fratris

320 2418 432 2453 nostri
460 2418 623 2458 Henrici‚
648 2417 836 2452 Remensis
859 2417 1137 2461 archiepiscopi,
1165 2429 1247 2451 cnm
1273 2417 1405 2451 nostris
1424 2417 1606 2451 voluimus
1623 2416 1754 2451 litteris
1770 2415 1963 2450 destinare.

319 2474 395 2508 Illis
419 2476 539 2507 tamen
564 2473 608 2507 ad
625 2484 707 2506 cnm
722 2472 775 2506 ire
793 2472 1012 2512 nolentibus,
1031 2472 1102 2506 dno
1120 2483 1162 2506 ex
1177 2472 1263 2515 ipsis
1277 2473 1411 2515 absque
1428 2471 1559 2507 litteris
1576 2474 1802 2506 recesserunt
1818 2474 1853 2505 et
1869 2469 1966 2513 apud

320 2540 383 2562 nos
408 2538 520 2571 usque
543 2528 649 2561 modo
675 2531 925 2562 remanserunt
950 2527 1110 2561 nolentes
1137 2527 1260 2570 aliqua
1283 2527 1424 2562 ratione
1449 2527 1595 2567 reverti,
1611 2526 1672 2560 sed
1688 2525 1807 2570 potius
1824 2536 1845 2559 a
1862 2525 1965 2559 nobis

313 2585 412 2627 justo
424 2582 564 2625 judicio
577 2582 750 2626 judicari.
768 2583 840 2616 Nos
853 2585 985 2619 tamen.
1002 2582 1133 2624 quibus
1147 2582 1184 2616 in
1204 2581 1386 2625 proposito
1400 2593 1539 2626 semper
1553 2586 1588 2617 et
1601 2581 1785 2616 voluntate
1802 2579 1965 2615 consistit

319 2637 509 2671 eonsilium
534 2641 637 2672 tuum
662 2637 700 2670 in
725 2636 891 2671 omnibus
916 2647 1008 2679 quae
1033 2648 1115 2671 cum
1144 2637 1218 2671 Deo
1243 2648 1285 2670 ac
1304 2637 1447 2681 justitia
1473 2648 1661 2680 possumus
1684 2635 1843 2679 exsequi,
1862 2634 1963 2668 nulla

317 2693 458 2726 ratione
472 2692 552 2726 illos
568 2691 748 2725 voluimus
762 2692 888 2726 audire
902 2703 968 2726 nec
981 2691 1210 2734 aliquatenus
1226 2691 1427 2732 audiemus,
1438 2692 1552 2726 donec
1566 2702 1674 2735 super
1688 2691 1757 2725 hoc
1769 2693 1842 2725 tarn
1858 2692 1961 2724 tuum

318 2759 426 2790 qnam
457 2746 633 2790 praedicti
664 2746 926 2790 archiepiscopi
959 2750 1067 2789 atque
1100 2746 1255 2781 aliorum
1289 2746 1545 2792 religiosorum
1576 2746 1740 2781 virorum
1769 2744 1961 2780 consilium

318 2802 457 2845 plenius
474 2801 682 2836 habeamus.
701 2802 870 2845 (Corpus,
892 2802 959 2836 blz.
972 2802 1026 2842 38,
1041 2802 1112 2842 39.)

362 2857 376 2877 ⁴
406 2857 475 2890 Bul
493 2868 560 2890 van
576 2856 616 2887 13
631 2856 733 2900 April
751 2856 849 2890 19:33:
871 2857 943 2891 Nos
961 2857 1229 2892 considerantes
1248 2883 1255 2890 .
1278 2882 1285 2890 .
1309 2882 1316 2890 .
1335 2885 1341 2892 .
1357 2885 1365 2897 ‚
1394 2857 1490 2901 quod
1506 2868 1568 2892 vos
1584 2856 1735 2892 diversis
1752 2854 1958 2900 occupatio·

318 2922 404 2946 num
429 2911 635 2946 turbinibus
659 2911 787 2955 agitati
812 2911 871 2946 vix
897 2912 1022 2948 valetis
1051 2912 1147 2948 inter
1170 2913 1428 2948 inundantium
1460 2912 1747 2948 sollicitudinum
1771 2911 1958 2956 angustias
