2220 3471
340 247 380 279 30
570 247 628 278 DE
660 243 1079 278 BISSCHOPPELIJKE
1113 244 1368 280 INQUISITIE
1401 245 1462 276 EN
1495 244 1553 276 DE
1587 242 1770 275 PAUSEN

341 344 437 386 dom
470 342 722 399 gebannen;
750 342 802 384 de
827 356 932 397 paus
959 341 1129 397 sohrijft
1163 341 1244 383 den
1279 341 1536 396 geloovigen
1570 340 1674 382 zelfs
1709 353 1814 382 voor
1846 342 1979 395 tegen

341 416 425 457 hen
451 413 502 456 de
526 427 702 468 wapens
727 426 778 466 op
801 415 844 456 te
870 425 1024 455 nemen
1048 415 1114 456 tot
1132 410 1381 468 vergiffenis
1405 413 1578 454 hunner
1600 410 1765 454 zonden
1791 425 1800 462 ;
1827 424 1910 453 aan
1929 411 1981 453 de

341 484 607 540 wereldlijke
626 487 803 527 vorsten
829 483 945 539 geeft
969 484 1026 540 hij
1050 483 1101 525 de
1119 483 1332 539 toelating
1355 496 1423 525 om
1456 482 1507 525 de
1529 482 1698 525 ketters
1722 495 1806 525 van
1830 481 1981 524 hunne

341 556 556 611 goederen
576 559 618 598 te
642 554 857 597 berooven
876 569 928 597 en
954 555 1040 597 hen
1056 555 1176 596 zelve
1196 557 1261 596 tot
1284 554 1490 610 slavernij
1517 557 1562 596 te
1584 553 1794 609 brengen.
1817 552 1983 595 Groote

340 626 500 669 aflaten
523 640 576 669 en
595 626 850 682 geestelijke
871 623 1129 668 roordeelen
1149 625 1290 667 zullen
1310 625 1361 667 de
1384 624 1615 680 belooning
1633 624 1720 681 zijn
1738 624 1978 679 dergenen,

341 697 409 739 die
433 697 484 739 de
502 696 789 752 bisschoppen
813 696 855 738 in
891 696 942 738 de
959 695 1370 751 kettervervolging
1402 695 1546 738 zullen
1581 699 1649 737 ter
1665 694 1775 750 zijde
1797 698 1982 750 gestaan

341 764 510 808 hebben
537 767 567 808 ¹.
595 766 662 808 Dit
687 764 919 807 hoofdstuk
944 763 1010 807 De
1039 763 1272 808 haereticis
1309 764 1345 806 is
1379 764 1502 806 aldus
1537 763 1686 806 vooral
1719 762 1979 819 belangrijk‚

341 837 446 879 daar
479 850 576 879 men
614 851 661 878 er
699 838 727 879 ’t
766 838 910 878 eerste
942 835 1175 878 voorbeeld
1195 836 1237 877 in
1256 834 1447 878 aantreft
1466 848 1550 877 van
1571 847 1676 877 eene
1714 833 1986 890 gewapende

341 908 592 951 kruisvaart
615 910 745 963 tegen
770 906 1020 950 christenen
1059 907 1164 949 door
1185 921 1323 949 eenen
1345 920 1448 961 paus
1484 920 1537 949 en
1573 919 1651 948 een
1686 905 1867 948 concilie
1901 918 1984 948 aan

340 979 391 1021 de
415 979 669 1034 geloovigen
693 979 757 1021 als
781 992 858 1020 een
881 977 1165 1033 Godgevallig
1190 977 1311 1020 werk
1336 976 1620 1027 aanbevolen‚
1643 977 1691 1033 ja
1711 976 1923 1032 opgelegd
1949 973 1980 1019 ².

398 1050 448 1092 In
475 1049 589 1093 1184
611 1049 727 1092 hield
751 1063 856 1104 paus
892 1049 1045 1092 Lucius
1069 1049 1129 1091 III
1168 1062 1247 1091 een
1281 1049 1460 1091 concilie
1487 1051 1529 1092 te
1562 1049 1755 1098 Verona,
1785 1061 1908 1090 waar
1931 1048 1983 1090 de

341 1120 704 1178 bisschoppelijke
722 1120 1131 1176 kettervervolging
1155 1133 1241 1175 nog
1273 1121 1367 1162 veel
1393 1119 1691 1174 omstandiger
1710 1119 1831 1161 werd
1854 1132 1982 1175 gere-

342 1193 442 1248 geld
461 1190 492 1236 ³.
521 1192 872 1247 Aangemoedigd
897 1192 1001 1234 door
1023 1192 1074 1233 de
1092 1190 1528 1247 tegenwoordigheld
1553 1204 1639 1233 van
1657 1190 1805 1233 keizer
1822 1190 1984 1234 Frede-

342 1264 410 1306 rik
430 1264 464 1316 I,
493 1263 559 1306 die
579 1264 672 1306 zieh
694 1266 782 1306 met
799 1264 874 1306 het
893 1263 1097 1318 pausdom
1117 1262 1332 1306 verzoend
1350 1262 1450 1314 had,
1490 1276 1543 1304 en
1565 1264 1653 1305 met
1680 1261 1756 1305 het
1775 1262 1984 1318 eenparig

343 1335 628 1391 welgevallen
652 1335 729 1377 der
747 1334 1002 1377 kardinalen
1027 1348 1080 1377 en
1115 1335 1276 1377 andere
1300 1334 1610 1389 kerkvoogden
1630 1347 1683 1376 en
1709 1333 1986 1390 wereldlijke

340 1409 535 1458 vorsten,
557 1406 625 1448 die
659 1419 710 1461 op
735 1406 810 1449 het
828 1405 1007 1448 coneilie
1030 1420 1179 1449 waren
1205 1406 1474 1449 versehenen
1494 1403 1526 1457 ⁴,
1550 1405 1785 1461 vaardigde
1805 1405 1855 1448 de
1874 1419 1982 1461 paus

342 1491 394 1534 op
419 1479 447 1521 4
470 1476 715 1521 November
737 1477 850 1520 1184
869 1491 947 1519 een
973 1490 1071 1519 zeer
1090 1478 1244 1533 soherp
1269 1477 1444 1520 decreet
1463 1476 1540 1520 uit.

401 1550 460 1592 De
483 1549 715 1601 Catharen,
738 1548 993 1599 Patarinen,
1023 1550 1305 1602 Humiliaten,
1328 1550 1491 1592 Armen
1512 1561 1598 1591 van
1617 1549 1754 1604 Lyon,
1777 1547 1985 1603 Passagi-

340 1633 440 1672 nen,
468 1620 719 1676 Josepinen,
751 1620 1030 1663 Arnaldisten
1050 1634 1102 1663 en
1122 1621 1283 1664 andere
1311 1620 1483 1663 ketters
1507 1623 1595 1663 met
1628 1620 1779 1663 hunne
1817 1619 1985 1676 begun-

388 1839 398 1861 ¹
427 1838 516 1882 Ipsis
532 1840 652 1873 autem
668 1836 879 1881 cunctisque
893 1837 1060 1872 fidelibus
1082 1837 1122 1872 in
1149 1836 1398 1873 remissionem
1416 1841 1647 1882 peccatorum
1678 1837 1920 1883 injungimus,
1946 1841 1989 1874 ut

339 1894 450 1929 tantis
465 1893 629 1929 cladibus
644 1904 682 1928 se
710 1891 867 1927 viriliter
890 1896 1075 1936 opponant
1101 1894 1136 1927 et
1164 1894 1291 1927 contra
1318 1904 1378 1928 eos
1410 1893 1521 1927 armis
1546 1893 1722 1937 populum
1737 1893 1986 1928 Christianum

339 1951 522 1984 tueantur.
543 1948 792 1984 Confisoentur
801 1958 927 1982 eorum
938 1948 1044 1988 bona,
1063 1949 1099 1982 et
1111 1947 1268 1982 liberum
1285 1947 1331 1982 sit
1347 1947 1574 1991 principibus
1594 1948 1803 1992 hujusmodi
1816 1947 1982 1983 homines

340 2002 518 2046 subJ'ieere
534 2001 712 2036 servituti.
730 2001 799 2042 Qui
817 2004 938 2037 autem
963 2001 1001 2036 in
1018 2013 1103 2036 vera
1120 2001 1343 2045 poenitentia
1356 2001 1408 2036 ibi
1434 2002 1664 2044 decesserint,
1695 2005 1731 2037 et
1754 2006 1986 2046 peecatorum

340 2058 606 2102 indulgentiam
635 2060 671 2092 et
694 2058 853 2092 fructum
881 2057 1056 2092 mercedis
1088 2059 1256 2092 aeternae
1285 2068 1321 2091 se
1353 2068 1426 2091 non
1455 2056 1620 2092 dubitent
1649 2060 1895 2101 percepturos.
1915 2057 1987 2092 Nos

341 2111 450 2147 etiam
462 2112 505 2147 de
521 2111 771 2146 misericordia
785 2111 850 2146 Dei
882 2116 918 2146 et
950 2112 1140 2146 beatorum
1164 2111 1412 2154 apostolorum
1444 2111 1546 2146 Petri
1571 2114 1607 2147 et
1632 2111 1739 2146 Pauli
1764 2111 1988 2147 authoritate

342 2166 481 2209 confisi,
499 2166 666 2201 fidelibus
683 2166 911 2208 Christianis,
925 2166 988 2209 qui
1005 2168 1133 2200 eontra
1156 2177 1215 2200 eos
1231 2177 1334 2200 arma
1358 2166 1583 2210 susceperint
1609 2168 1645 2201 et
1671 2166 1717 2201 ad
1733 2166 1987 2210 episcoporum

340 2233 404 2256 seu
417 2221 573 2256 aliorum
592 2222 836 2265 praelatorum
852 2220 1046 2256 consilium
1063 2221 1109 2255 ad
1122 2232 1182 2255 eos
1195 2220 1413 2255 decertando
1430 2220 1702 2264 expugnandos,
1723 2221 1913 2257 biennium
1943 2221 1987 2257 de

342 2277 564 2321 poenitentia
580 2276 745 2320 injuncta
761 2276 980 2317 relaxamus,
998 2278 1061 2309 aut
1088 2275 1117 2308 si
1136 2273 1339 2318 longiorem
1356 2274 1425 2309 sibi
1453 2286 1593 2309 moram
1623 2275 1831 2319 habuerint,
1850 2276 1986 2320 episco-

342 2343 471 2377 porum
487 2330 710 2373 discretioni,
729 2330 860 2374 quibus
888 2330 996 2364 huius
1012 2329 1066 2364 rei
1083 2340 1192 2364 causa
1220 2328 1330 2363 fuerit
1362 2328 1543 2372 injuncta,
1569 2331 1842 2372 committimus,
1873 2334 1914 2367 ut
1939 2331 1987 2366 ad

341 2397 467 2421 eorum
494 2385 687 2420 arbitrium
717 2385 915 2420 seeundum
945 2384 1093 2420 modum
1120 2383 1255 2418 laboris
1287 2385 1404 2429 major
1439 2383 1490 2419 eis
1520 2383 1750 2429 indulgentia
1787 2386 1984 2422 tribuatur.

343 2441 515 2485 (Corpus,
531 2441 597 2474 blz.
617 2439 670 2473 47.
686 2442 696 2480 )

391 2496 405 2518 ²
434 2495 519 2537 Lea,
534 2494 612 2529 deel
626 2494 654 2536 Ι,
673 2494 739 2528 blz.
759 2494 835 2535 123,
856 2494 931 2527 124.

390 2550 403 2571 ⁵
433 2548 589 2593 Corpus,
606 2549 673 2583 blz.
691 2549 807 2592 52-553
825 2547 956 2589 Mansi,
975 2547 1052 2583 deel
1072 2547 1155 2589 XX,
1177 2548 1243 2582 blz.
1270 2548 1431 2591 476-478,
1450 2549 1587 2584 alwaar
1603 2549 1657 2584 dit
1673 2548 1758 2584 stuk
1774 2547 1984 2583 verkeerde-

342 2605 410 2648 lijk
426 2616 471 2649 op
487 2605 546 2639 het
566 2608 650 2648 jaar
669 2605 749 2637 1181
774 2605 890 2639 wordt
921 2603 1092 2639 vermeld.
1120 2603 1181 2638 Zie
1209 2604 1312 2645 Jaffe,
1345 2605 1501 2648 Reyesca
1531 2605 1675 2650 Pontif.
1694 2605 1813 2646 Rom„
1835 2603 1913 2638 deel
1935 2602 1984 2645 ΙΙ,

343 2661 410 2695 blz.
429 2661 508 2702 409,
528 2667 566 2694 11¹¹
581 2660 700 2693 15109.

390 2715 405 2736 ⁴
419 2714 623 2757 Imperialis
637 2713 859 2749 fortitudinis
873 2714 1098 2757 suffragante
1115 2713 1335 2756 potentia-..3
1354 2724 1430 2755 nos,
1446 2711 1624 2747 carissimi
1641 2713 1708 2748 filii
1725 2711 1839 2747 nostri
1855 2710 1986 2746 Frede.

344 2771 412 2806 rici
428 2771 678 2806 Romanorum
695 2770 924 2814 imperatoris
941 2782 1082 2814 semper
1095 2771 1242 2814 augusti
1260 2771 1464 2814 praesentia
1482 2771 1615 2815 pariter
1634 2773 1669 2804 et
1686 2768 1811 2812 vigore
1833 2765 1984 2806 suffulti,

344 2826 387 2861 de
405 2826 587 2860 communi
602 2825 752 2860 consilio
775 2826 929 2860 fratrum
956 2828 1163 2860 nostrorum
1181 2836 1321 2860 necnon
1345 2825 1502 2860 aliorum
1521 2823 1829 2869 patriarcharum,
1845 2820 1985 2856 archie-

345 2881 573 2925 piscoporum
590 2881 859 2924 multorumque
872 2880 1091 2924 principum,
1108 2881 1169 2924 qui
1183 2881 1226 2915 de
1240 2880 1391 2915 divorsis
1404 2880 1531 2916 mundi
1545 2879 1708 2924 partibus
1725 2878 1985 2913 convenerunt.

346 2934 515 2979 (Corpus,
532 2935 595 2969 blz.
617 2935 684 2977 54.)
