2220 3471
561 287 839 319 OORSPRONG
873 287 966 319 DER
999 287 1488 320 KETTERVERVOLGING
1816 290 1836 322 7

268 383 503 439 Overigens
523 384 558 425 is
576 384 650 426 het
668 397 957 439 genoegzaam
980 382 1163 433 bekend‚
1186 383 1259 426 dat
1276 383 1327 426 de
1346 384 1630 427 Romeinsche
1648 384 1829 436 keizers,

207 454 361 497 zoodra
380 455 430 510 zij
451 455 544 497 zich
564 457 628 497 tot
646 454 1032 498 hetChristendom
1051 454 1238 497 bekeerd
1258 468 1309 497 en
1332 455 1383 497 de
1397 456 1517 497 Kerk
1536 456 1669 498 onder
1688 457 1833 499 hunne

204 525 505 581 bescherming
529 540 741 581 genomen
763 526 948 577 hadden‚
977 539 1081 568 eene
1107 540 1206 568 Ζθθῐι
1228 530 1406 581 strenge
1430 527 1680 583 wetgeving
1701 530 1831 582 tegen

208 596 260 639 de
282 596 449 639 ketters
473 597 722 639 invoerden.
761 598 870 640 Deze
905 597 1107 647 laatsten,
1145 611 1353 639 wanneer
1381 598 1432 654 zij
1459 598 1605 640 hunne
1627 598 1831 654 dolingen

206 667 455 723 Weigerden
479 673 521 711 te
544 669 801 723 herroepen,
839 672 1028 711 moesten
1055 672 1121 711 ter
1143 668 1249 711 dood
1273 668 1479 723 gebracht
1501 669 1678 712 worden
1702 667 1718 690 2
1739 684 1748 720 ;
1779 683 1832 712 en

205 739 267 782 dit
290 739 406 782 bleef
422 740 473 781 de
496 741 613 794 regel
638 740 678 782 in
716 742 744 782 't
771 740 944 790 Oosten,
973 740 1107 781 onder
1141 740 1190 781 de
1214 741 1550 797 Byzantijnsche
1575 740 1757 793 keizers,
1786 741 1831 783 in

204 811 312 852 wier
332 810 482 866 gebied
515 811 566 853 de
599 811 885 866 godgeleerde
918 811 1095 853 twisten
1120 825 1171 853 en
1196 811 1246 853 de
1275 812 1517 868 kerkelijke
1540 813 1832 868 onverdraag-

204 882 424 924 zaamheid
443 883 572 937 welig·
594 882 748 924 bleven
765 882 920 925 tieren.

266 954 387 995 Maar
410 954 452 995 in
478 954 799 1008 West—Europa
823 954 929 1009 ging
952 954 1027 996 het
1052 954 1338 996 Romeinsche
1363 955 1592 1011 keizerrijk
1614 955 1658 996 in
1680 955 1766 997 475
1789 957 1832 997 te

204 1024 367 1079 gronde
386 1038 437 1067 en
463 1025 581 1067 werd
604 1026 816 1068 daardoor
834 1025 899 1067 die
923 1026 1173 1082 keizerlijke
1192 1026 1439 1081 wetgeving
1457 1040 1537 1068 aan
1556 1027 1632 1069 het
1649 1025 1828 1068 wanke-

205 1095 275 1137 len
309 1095 535 1150 gebracht.
571 1098 630 1139 De
663 1097 985 1139 Germaansche
1019 1099 1194 1139 vorsten
1230 1097 1305 1138 der
1322 1097 1494 1140 Gothen
1518 1111 1573 1139 en
1596 1097 1671 1139 der
1694 1098 1831 1139 Bour-

206 1166 424 1222 gondiers,
462 1167 528 1209 die
561 1168 680 1209 zelve
713 1170 777 1210 tot
806 1167 857 1209 de
881 1167 1128 1210 kettersche
1158 1170 1271 1210 secte
1295 1181 1378 1210 van
1410 1168 1541 1210 Arius
1564 1168 1827 1220 behoorden,

203 1237 336 1280 lieten
355 1237 406 1279 de
422 1236 827 1294 ketterverVOIging
845 1251 994 1281 varen.
1009 1239 1068 1280 De
1077 1238 1296 1290 Franken‚
1311 1238 1512 1281 ofschoon
1532 1239 1583 1296 zij
1596 1240 1831 1282 Roomsch-

203 1307 425 1351 katholiek
450 1323 599 1352 waren
624 1323 677 1351 en
700 1323 748 1352 er
770 1310 859 1352 zich
886 1323 939 1365 op
961 1308 1219 1352 beroemden
1243 1309 1461 1353 onbesmet
1482 1324 1564 1353 van
1588 1311 1763 1367 ketterij
1788 1314 1832 1354 te

204 1381 288 1438 zijn
307 1380 335 1432 ¹,
359 1381 603 1424 handelden
624 1396 825 1425 evenzoo.
850 1384 910 1425 De
926 1382 1240 1437 Merowingers
1260 1396 1312 1423 en
1331 1382 1616 1437 Karolingers
1634 1382 1829 1440 ijVerden

202 1452 414 1496 nochtans
448 1467 546 1495 zeer
576 1453 776 1508 krachtig
807 1467 913 1495 voor
946 1453 996 1494 de
1021 1453 1258 1495 orthodoxe
1279 1453 1415 1496 Kerk.
1452 1453 1710 1496 Intusschen
1733 1468 1830 1496 ver-

202 1525 359 1568 toonde
392 1525 484 1567 zich
507 1539 642 1581 geene
674 1525 845 1581 ketterij
872 1539 956 1567 van
980 1524 1136 1579 belang
1159 1526 1201 1567 in
1225 1525 1300 1567 het
1323 1526 1524 1568 Westen.
1546 1526 1718 1568 Anders
1742 1526 1827 1568 had

203 1610 300 1639 men
318 1596 664 1653 waarschijnlijk
696 1611 780 1639 van
803 1610 940 1639 eenen
963 1597 1096 1639 Karel
1119 1597 1201 1639 den
1225 1597 1385 1639 Groote
1408 1611 1513 1639 θθηθ
1540 1597 1825 1640 onverbidde-

202 1667 307 1725 lijke
329 1668 580 1724 strengheid
596 1668 752 1724 jegens
784 1668 835 1710 de
858 1667 1028 1710 ketters
1053 1682 1206 1724 mogen
1240 1669 1537 1720 verwachten‚
1565 1669 1670 1712 daar
1691 1670 1750 1726 hij
1775 1668 1827 1712 de

203 1739 465 1783 heidensche
504 1739 684 1782 Saksers
718 1740 762 1782 in
796 1739 1079 1782 Duitschland
1118 1742 1206 1783 met
1238 1739 1407 1797 bloedig
1444 1741 1613 1797 geweld
1654 1745 1718 1785 tot
1755 1742 1831 1786 het

201 1811 503 1856 Christendom
521 1811 691 1855 bracht.

262 1883 510 1926 Omstreeks
529 1883 715 1940 hetjaar
741 1883 854 1925 1000
874 1896 954 1938 zag
979 1896 1075 1925 men
1099 1883 1303 1938 eindelijk
1326 1883 1376 1925 de
1400 1883 1597 1939 opkomst
1616 1898 1668 1926 θη
1693 1885 1830 1927 snelle

202 1954 477 2011 verbreiding
495 1969 579 1997 van
601 1955 652 1997 de
670 1954 844 2011 ketterij
866 1954 941 1996 der
972 1954 1190 1997 Catharen
1222 1955 1265 1997 in
1304 1955 1372 1997 die
1409 1956 1658 2011 algemeene
1676 1955 1832 1999 kerke-

203 2026 245 2084 lij
256 2026 308 2069 ke
325 2029 419 2070 rust
441 2040 527 2068 van
550 2026 877 2083 West-Europa
901 2027 1194 2082 verandering
1215 2026 1425 2083 brengen.

203 2198 258 2232 ter
281 2207 399 2240 egere,
425 2198 466 2231 ut
488 2196 621 2240 impius
644 2197 746 2231 furor
769 2197 814 2230 ab
838 2195 1007 2230 universa
1029 2196 1181 2231 ecclesia
1197 2197 1404 2240 pelleretur,
1421 2196 1563 2240 quando
1577 2195 1688 2231 etiam
1705 2195 1832 2231 mundi

202 2251 384 2296 principes
410 2251 462 2286 ita
489 2252 584 2286 hanc
607 2252 822 2296 sacrilegam
846 2251 1041 2286 amentiam
1065 2252 1229 2287 detestati
1253 2260 1348 2292 sunt,
1374 2254 1413 2286 ut
1436 2254 1620 2286 auctorem
1644 2254 1722 2296 ejus
1748 2265 1829 2287 cum

201 2307 382 2351 plerisque
403 2307 589 2350 discipulis
605 2308 727 2352 legum
745 2306 972 2351 publicarum
990 2319 1072 2342 ense
1090 2310 1367 2351 prosternerent.
1387 2306 1564 2342 Videbant
1581 2307 1677 2342 cnim
1690 2319 1832 2342 omnem

203 2373 329 2396 curam
352 2361 549 2396 honestatis
572 2362 722 2402 auferri,
748 2373 889 2396 omnem
914 2362 1168 2406 conjugiorum
1186 2363 1352 2405 copulam
1368 2362 1457 2396 solvi
1475 2362 1653 2405 simulque
1669 2362 1833 2397 divinum

197 2418 258 2460 J'us
282 2417 554 2460 humanumque
578 2416 750 2457 subverti,
769 2416 798 2450 si
815 2416 1023 2460 hujusmodi
1040 2416 1246 2451 hominibus
1263 2428 1414 2459 usquam
1431 2416 1552 2450 vivere
1569 2428 1651 2451 cum
1669 2417 1733 2451 tali
1751 2429 1828 2460 pro-

202 2471 354 2506 fessione
370 2471 542 2506 licuisset.
562 2471 706 2506 Profuit
718 2471 779 2505 diu
794 2471 861 2506 ista
875 2471 1052 2506 districtio
1066 2471 1328 2506 ecclesiasticae
1341 2471 1496 2512 lenitati,
1506 2483 1609 2514 quae,
1628 2471 1693 2506 etsi
1712 2483 1832 2507 sacer-

203 2526 316 2562 dotali
340 2529 507 2562 contenta
524 2527 665 2571 judicio
690 2529 857 2562 cruentas
880 2527 1016 2571 refugit
1042 2527 1208 2567 ultiones,
1239 2526 1370 2562 severis
1401 2529 1522 2561 tamen
1553 2526 1832 2561 christianorum

204 2581 410 2625 principum
427 2581 744 2617 constitutionibus
761 2582 967 2627 adjuvatur,
984 2582 1069 2616 dum
1086 2583 1131 2616 ad
1150 2581 1337 2625 spirituale
1353 2593 1624 2625 nonnumquam
1640 2584 1834 2617 recurrunt

202 2636 416 2678 remedium,
443 2637 505 2680 qui
527 2637 655 2672 timent
679 2638 866 2681 corporale
882 2637 1110 2680 supplicium.
1130 2637 1273 2681 (Mansi,
1294 2637 1490 2671 Sacrorum
1506 2638 1747 2671 conciliorum
1764 2637 1834 2671 col-

203 2692 320 2731 lectio,
339 2692 417 2727 deel
434 2692 477 2733 V,
496 2693 562 2726 blz.
586 2692 698 2733 1289.)

247 2746 261 2768 ²
291 2747 377 2781 Cod.
394 2747 587 2788 Theodos„
615 2747 692 2781 Lib.
719 2747 818 2785 XVI,
847 2747 908 2781 Tit
945 2748 988 2789 ῦς
1015 2747 1100 2781 Cod.
1127 2746 1337 2788 Justinian„
1365 2746 1443 2781 Lib.
1472 2747 1499 2788 Ι,
1527 2747 1599 2782 Tit.
1626 2748 1669 2790 53
1689 2747 1830 2782 Novell.

204 2801 397 2842 Theodos.,
417 2802 464 2843 ΙΙ,
483 2802 554 2837 Tit.
572 2803 615 2845 63
636 2803 772 2836 Novell.
791 2802 949 2843 Valent„
967 2802 1030 2842 III,
1060 2803 1111 2843 16,
1132 2803 1162 2836 1.

250 2863 264 2883 ³
291 2863 370 2897 Aan
386 2863 408 2897 't
424 2863 533 2897 hoofd
549 2863 613 2898 der
629 2863 789 2898 Salische
805 2865 873 2898 wet
897 2864 995 2897 lezen
1015 2864 1072 2907 wij
1091 2874 1097 2896 :
1127 2871 1142 2889 κ
1160 2863 1252 2898 Gens
1270 2863 1493 2897 Francorum
1510 2862 1648 2905 inclita,
1682 2866 1830 2899 auctore

205 2917 278 2952 Deo
296 2917 450 2959 condita,
469 2918 572 2953 fortis
589 2918 626 2952 in
643 2930 757 2960 arma,
776 2943 783 2950 .
802 2946 807 2952 .
826 2946 831 2951 .
852 2919 982 2957 audax,
1001 2919 1103 2953 velox
1120 2921 1152 2953 ct
1170 2929 1308 2962 aspera,
1326 2919 1371 2953 ad
1386 2919 1599 2953 catholicam
1615 2919 1721 2954 fidem
1738 2931 1829 2954 con-

204 2983 306 3007 versa
322 2974 356 3008 et
373 2974 551 3008 immunis
568 2974 613 3009 ab
629 2973 785 3008 heresem
803 2974 894 3016 (Lex
910 2973 1042 3016 Salica,
1062 2974 1116 3008 od.
1139 2973 1290 3015 Hes-sels,
1311 2974 1380 3015 blz.
1401 2975 1475 3014 422,
1495 2974 1570 3009 kol.
1592 2975 1637 3018 1.)
