2220 3471
665 289 813 322 ELFDE
846 290 908 322 EN
940 290 1207 323 TWAALFDE
1239 292 1439 324 EEUWEN
1818 298 1855 330 21

216 385 373 428 moeite
411 385 497 428 had
531 385 582 429 de
615 387 950 444 geestelijkheid
983 403 1032 431 ze
1071 387 1191 446 biJ'na
1212 389 1326 431 allen
1357 404 1439 433 aan
1463 391 1544 434 den
1570 391 1850 450 brandstapel

213 456 394 499 kunnen
412 457 696 501 onttrekken.

271 527 323 569 In
366 527 481 570 1152
523 528 644 571 werd
680 529 732 571 de
764 528 914 572 ketter
945 530 1080 572 Jonas
1119 530 1224 573 door
1260 531 1482 584 Nikolaas‚
1526 533 1726 590 bissehop
1765 549 1849 578 van

212 598 454 655 Kamerijk,
471 599 753 642 veroordeeld
771 614 824 642 en
842 601 906 643 als
926 615 1006 643 een
1024 605 1174 644 verrot
1193 602 1249 644 lid
1268 603 1332 645 uit
1349 603 1401 645 de
1420 604 1539 646 Kerk
1559 618 1795 661 geworpen
1816 605 1846 650 ¹.

269 670 319 712 In
343 670 456 713 1153
480 684 572 712 was
595 671 647 713 de
669 671 962 715 Atreohtsehe
986 671 1186 727 bissehop
1210 673 1482 717 Godeschalk
1514 676 1557 717 in
1580 676 1666 732 zijn
1691 677 1848 720 kerke-

208 740 288 797 lijk
325 740 477 796 gebied
510 747 640 797 tegen
678 742 856 799 talrijke
884 743 1054 786 ketters
1084 743 1332 786 werkzaam
1365 759 1418 786 en
1459 746 1543 788 had
1583 751 1670 789 met
1704 748 1847 804 zijnen

207 812 495 869 geestelijken
528 813 631 855 raad
666 827 744 855 een
779 814 933 856 vonnis
966 818 1096 869 tegen
1136 815 1223 857 hen
1262 815 1594 871 uitgesproken,
1629 818 1702 861 dat
1742 820 1848 862 door

204 895 313 937 paus
339 883 559 939 Eugenius
577 884 639 926 III
660 884 782 927 werd
806 883 1094 940 bekraohtigd
1118 882 1148 927 ².

269 954 318 995 In
346 954 458 996 1157
478 954 593 997 hield
620 955 671 996 de
693 954 1021 1010 aartsbissehop
1045 955 1226 998 Samson
1244 958 1285 998 te
1305 957 1451 1000 Reims
1476 971 1554 1001 een
1578 960 1844 1014 provinciaal

208 1025 403 1077 601161116,
433 1039 610 1082 waarop
635 1025 686 1068 de
711 1025 907 1078 straffen‚
944 1027 1011 1069 die
1034 1030 1166 1083 tegen
1189 1027 1240 1069 (16
1278 1028 1446 1071 ketters
1484 1032 1678 1073 moesten
1702 1031 1844 1087 nitge-

205 1096 392 1152 sproken
419 1097 613 1146 worden,
639 1111 744 1139 voor
760 1098 846 1154 zijn
867 1097 1018 1153 gebied
1042 1113 1094 1141 en
1113 1099 1186 1141 dat
1205 1099 1344 1156 ziJner
1361 1099 1640 1156 suffraganen
1663 1103 1843 1146 werden

202 1168 472 1223 vastgesteld
495 1165 527 1211 ³.
555 1169 706 1210 Zooals
729 1182 827 1211 men
862 1173 992 1221 weet,
1026 1183 1177 1212 waren
1216 1170 1283 1212 die
1321 1170 1615 1227 suffragallen,
1665 1177 1751 1216 wat
1791 1175 1842 1216 de

202 1238 556 1282 Nederlandsehe
595 1243 822 1295 gewesten
854 1240 1028 1292 betreft,
1073 1241 1124 1283 de
1162 1240 1450 1297 bissehoppen
1490 1257 1573 1287 van
1597 1244 1837 1300 Kamerijk,

199 1310 408 1363 Doornik,
438 1312 650 1353 Terwaan
675 1325 728 1353 en
751 1312 934 1354 Atrecht
957 1325 966 1363 ;
994 1312 1037 1354 in
1062 1326 1290 1368 nagenoeg
1307 1327 1384 1356 een
1409 1314 1540 1357 derde
1574 1315 1651 1358 der
1676 1317 1840 1360 Neder-

199 1381 357 1424 landen
381 1395 473 1424 was
492 1382 775 1438 dienvolgens
799 1383 868 1426 die
888 1384 1085 1439 regeling
1108 1384 1184 1427 der
1206 1383 1570 1442 bissehoppelijke
1592 1387 1838 1431 ketterver-

199 1453 379 1509 volging
403 1467 488 1496 van
510 1453 685 1496 kraeht.

259 1524 429 1566 Ziehier
460 1524 513 1567 de
546 1528 853 1568 voornaamste
892 1525 1151 1582 bepalingen
1186 1541 1270 1570 van
1304 1527 1407 1570 deze
1437 1542 1535 1572 zeer
1566 1528 1839 1587 belangrijke

195 1595 442 1652 kerkelijke
459 1596 806 1652 verordeningen
829 1610 836 1640 :
860 1598 919 1640 De
938 1598 1123 1650 ketters‚
1148 1599 1214 1641 die
1236 1599 1310 1643 het
1329 1600 1539 1657 huwelijk
1557 1615 1834 1658 verwerpen,

195 1667 338 1710 zullen
357 1670 473 1710 eerst
496 1667 602 1710 door
624 1667 803 1711 hunnen
829 1667 1029 1724 bisschop
1054 1669 1096 1711 in
1121 1670 1203 1713 den
1226 1669 1309 1713 ban
1333 1673 1541 1728 geslagen
1578 1673 1758 1716 worden
1782 1687 1836 1716 en

197 1737 362 1781 daarna
398 1739 439 1781 al
470 1739 619 1782 hunne
648 1739 866 1795 goederen
900 1741 1132 1789 verliezen,
1179 1741 1326 1785 indien
1364 1743 1417 1799 zij
1465 1744 1736 1797 volharden;
1784 1744 1836 1788 de

193 1809 516 1853 hoofdmannen
535 1811 612 1854 der
631 1814 747 1854 seete
766 1811 908 1854 zullen
927 1814 992 1855 tot
1014 1812 1296 1869 levenslange
1320 1815 1587 1870 gevangenis
1603 1829 1835 1859 verwezen

193 1881 390 1935 worden,
414 1882 543 1939 tenzij
565 1882 616 1924 de
634 1881 960 1938 aartsbisschop
984 1897 1090 1926 eene
1109 1898 1195 1940 nog
1213 1887 1441 1941 strengere
1466 1886 1581 1929 straf
1594 1886 1662 1943 (de
1682 1887 1832 1943 dood?)

192 1953 351 2010 noodig
375 1953 574 1997 oordeele
598 1953 630 1997 ⁴.
657 1956 817 1998 Hunne
851 1956 1130 2011 aanhangers
1162 1957 1306 2000 zullen
1340 1971 1393 2013 op
1413 1959 1442 2001 ’t
1460 1958 1717 2014 aangezicht
1758 1972 1834 2015 ge-

193 2023 481 2070 brandmerkt
521 2026 702 2069 worden
726 2040 778 2069 en
802 2026 1049 2083 gebannen.
1078 2029 1162 2070 Zoo
1186 2028 1239 2084 zij
1264 2028 1309 2070 in
1332 2030 1360 2071 't
1399 2029 1500 2071 land
1518 2029 1830 2085 terugkeeren,

192 2110 293 2153 mag
315 2097 514 2140 iedereen
556 2112 605 2141 ze
638 2099 916 2150 aanhouden,
943 2099 1003 2142 dit
1041 2101 1106 2142 tot
1126 2099 1275 2142 hunne
1320 2100 1637 2156 boetedoening
1680 2115 1734 2143 611
1765 2104 1833 2144 tot

188 2167 330 2211 ieders
353 2168 707 2225 verschrikking.
734 2170 838 2215 Wie
871 2170 984 2226 zijne
1017 2170 1230 2213 onsehuld
1253 2170 1467 2228 bewijzen
1493 2172 1579 2223 wil,
1606 2173 1672 2214 zal
1690 2175 1756 2215 tot
1779 2172 1830 2215 de

188 2240 319 2295 proef
335 2255 420 2284 van
446 2242 519 2285 het
542 2242 742 2297 gloeiend
766 2242 872 2299 ijZer
894 2239 910 2263 ⁵
935 2242 1184 2298 toegelaten
1210 2243 1405 2286 worden.

251 2313 309 2355 Te
332 2313 432 2356 dien
457 2314 563 2369 tijde
595 2327 747 2357 waren
780 2313 831 2356 de
866 2313 1036 2357 ketters
1069 2314 1114 2357 in
1150 2315 1429 2358 Vlaanderen
1456 2314 1607 2372 talrijk
1630 2329 1682 2359 en
1723 2315 1829 2358 zelfs

234 2528 245 2550 ¹
300 2528 452 2572 Corpus,
470 2528 537 2563 blz.
555 2529 609 2569 34,
625 2529 668 2562 35
683 2542 691 2572 3
712 2529 750 2564 C.
768 2530 809 2564 L.
826 2529 947 2574 Hugo,
966 2530 1118 2565 Ordinis
1132 2531 1514 2567 Praemongtratensis
1525 2532 1693 2574 annales,
1707 2532 1787 2569 deel
1799 2533 1828 2574 I,

188 2581 447 2624 Probationes‚
466 2583 539 2617 kol.
557 2584 635 2618 512.

233 2637 247 2659 2
276 2637 501 2672 Sententiam
519 2649 627 2681 quam
640 2637 678 2672 in
695 2650 755 2673 eos
774 2639 1002 2683 [haereticos]
1021 2640 1227 2683 praedictus
1243 2641 1357 2675 frater
1373 2644 1495 2676 noster
1510 2641 1697 2685 episcopus
1715 2644 1830 2678 vester

183 2691 439 2736 religiosorum
457 2692 622 2727 virorum
639 2693 791 2728 consilio
805 2694 1105 2738 promulgaverit,
1124 2706 1188 2729 nos
1211 2698 1360 2730 auctore
1379 2696 1453 2731 Deo
1468 2700 1587 2731 ratam
1603 2696 1829 2733 habebimus.

182 2747 354 2791 (Corpus,
371 2747 438 2782 blz.
453 2748 519 2790 343
542 2748 630 2782 Dom
646 2748 825 2792 Bouquet,
845 2750 1006 2789 Remea,
1028 2749 1106 2784 (1661
1123 2749 1206 2791 XV,
1226 2750 1294 2784 blz.
1311 2751 1404 2792 479.)

232 2802 245 2823 ³
276 2802 426 2846 Corpus,
446 2803 516 2837 blz.
533 2803 587 2844 35,
607 2804 674 2847 363
694 2804 826 2845 Mansi,
845 2805 924 2838 deel
939 2804 1041 2845 XXI,
1059 2805 1126 2838 blz.
1144 2805 1222 2840 843.

231 2856 246 2878 ⁴
274 2857 427 2892 Carcere
451 2861 637 2902 perpetuo,
667 2859 736 2894 nisi
766 2859 915 2904 gravius
938 2859 1078 2903 aliquid
1103 2860 1194 2895 mihi
1223 2859 1273 2895 eis
1300 2860 1379 2897 fieri
1407 2860 1537 2897 debere
1562 2861 1680 2897 visum
1707 2861 1830 2906 fuerit,

185 2911 431 2946 recludentur.
452 2912 619 2957 (Corpus,
638 2914 704 2948 blz.
723 2914 794 2956 36.)

233 2965 246 2986 ‘³'
273 2966 385 3009 Igniti
403 2966 490 3002 ferri
504 2968 645 3011 ,iudicio
662 2980 698 3003 se
715 2968 898 3013 purgabit.
918 2969 1040 3012 (Ibid.)
