2220 3471
560 782 823 843 ZESDE
872 780 1376 844 HOOFDSTUK

193 983 266 1015 DE
289 982 788 1016 BISSCHOPPELIJKE
818 983 1122 1023 INQUISITIE
1147 984 1206 1016 IN
1230 984 1302 1016 DE
1325 983 1746 1016 NEDERLANDEN

654 1060 886 1093 TIJDENS
909 1061 981 1093 DE
1008 1060 1093 1092 18¹1e
1118 1060 1289 1094 EEUW

204 1469 263 1510 De
298 1467 525 1522 kraehtige
559 1467 797 1522 inriehting
829 1480 883 1507 en
917 1465 1181 1520 uitbreiding
1204 1465 1280 1507 der
1305 1466 1541 1521 pauselijke
1559 1467 1784 1521 Inquisitie

143 1539 303 1596 tijdens
341 1539 393 1580 de
429 1536 520 1580 13de
544 1552 667 1581 eeuw
699 1537 861 1580 belette
898 1537 1002 1587 niet,
1040 1537 1113 1579 dat
1147 1537 1198 1578 de
1233 1536 1593 1593 bissehoppelijke
1615 1532 1784 1580 ketfier-

141 1609 400 1664 vervolging
437 1609 480 1651 in
519 1623 676 1664 zwang
708 1608 834 1659 bleef,
872 1608 919 1663 ja
954 1608 1058 1649 door
1092 1608 1143 1649 de
1176 1621 1338 1662 pausem
1357 1608 1421 1650 als
1455 1622 1642 1664 vroeger
1664 1610 1785 1651 werd

140 1680 480 1736 aangemoedigd
517 1694 568 1722 en
608 1680 845 1729 verstwkt,
890 1679 971 1721 ook
1010 1680 1052 1721 in
1085 1679 1136 1721 de
1167 1679 1472 1722 Nederlanden
1508 1693 1558 1735 op
1583 1680 1634 1722 de
1659 1679 1783 1722 beide

142 1765 294 1794 oevers
318 1752 394 1794 der
412 1752 608 1794 Schelde.

201 1825 288 1867 Den
313 1823 371 1865 25
392 1823 492 1866 Juni
517 1823 622 1865 1231
646 1821 755 1864 zond
773 1821 1011 1876 Gregorius
1029 1823 1094 1864 IX
1111 1836 1193 1865 aan
1213 1822 1429 1873 Diederik,
1456 1821 1782 1878 aartsbisschop

139 1907 221 1937 van
243 1894 382 1945 Trier,
399 1909 452 1936 en
471 1908 552 1936 aan
573 1894 685 1949 zijne
704 1892 981 1948 suffraganen
999 1893 1113 1949 zijne
1130 1896 1324 1936 statuten
1345 1897 1474 1948 tegen
1493 1892 1545 1934 de
1564 1892 1734 1936 ketters
1748 1893 1777 1944 '¹‚

137 1964 400 2008 bevattende
424 1965 475 2006 de
500 1970 678 2019 strenge
710 1963 869 2018 regels,
910 1977 1141 2006 waarnaar
1163 1964 1214 2006 de
1249 1964 1455 2007 Duitsche
1487 1965 1776 2022 bissehoppen

136 2037 230 2079 zieh
263 2039 306 2079 te
340 2036 561 2092 gedragen
601 2036 771 2079 hebben
805 2039 1043 2091 tegenover
1080 2037 1132 2078 de
1171 2036 1434 2079 verdoolden
1474 2052 1528 2080 en
1561 2039 1602 2080 al
1630 2038 1781 2081 hunne

135 2108 430 2163 aanhangers‚
458 2122 510 2150 en
531 2108 612 2150 hoe
636 2108 688 2164 zij
715 2108 1072 2164 dienaangaande
1092 2112 1178 2151 met
1202 2109 1253 2151 de
1277 2108 1547 2163 wereldlijke
1572 2109 1775 2151 overheid

135 2182 306 2223 moeten
326 2179 676 2222 samenwerken.
704 2179 1016 2221 Grootendeels
1036 2180 1070 2222 is
1095 2180 1156 2222 dit
1181 2179 1282 2222 stul<
1307 2194 1412 2222 eene
1434 2180 1669 2235 herhaling
1694 2194 1774 2222 van

134 2250 186 2292 de
209 2263 387 2294 canones
412 2264 494 2293 van
518 2250 594 2292 het
619 2250 768 2292 vierde
791 2250 1015 2305 algemeen
1040 2251 1220 2292 eoncilie
1243 2264 1327 2293 van
1349 2253 1564 2293 Lateraan
1588 2251 1772 2309 (1215);

134 2320 288 2363 enkele
306 2320 478 2363 nieuwe
503 2320 765 2375 bepalingen
787 2319 894 2362 treft
914 2334 1011 2362 men
1036 2334 1083 2362 er
1102 2320 1316 2362 noehtans
1340 2334 1438 2371 aan,
1468 2321 1532 2362 als
1565 2320 1620 2377 bij
1649 2335 1774 2363 voer-

132 2391 257 2434 beeld
290 2406 369 2435 een
402 2397 554 2448 streng
587 2391 747 2434 verbod
784 2395 915 2447 tegen
948 2392 1025 2435 het
1058 2393 1339 2435 redetwisten
1374 2393 1451 2435 der·
1482 2392 1635 2435 leeken
1672 2406 1779 2435 over

132 2462 437 2518 geloofszaken
457 2463 538 2506 in't
555 2462 773 2518 openbaar·
794 2462 898 2505 ofin
916 2464 944 2505 ’t
958 2463 1130 2518 geheim
1152 2460 1181 2514 ²,
1202 2477 1256 2506 en
1274 2463 1325 2505 de
1345 2463 1592 2519 uitsluiting
1611 2463 1675 2506 uit
1693 2464 1777 2506 alle

178 2706 190 2728 ¹
223 2707 413 2752 Poehmer,
439 2708 529 2743 Acta
558 2709 710 2753 imperii
737 2708 880 2750 selecta,
915 2709 993 2744 dee]
1023 2709 1052 2750 Ι,
1083 2709 1152 2743 blz.
1181 2709 1258 2750 665,
1283 2709 1378 2753 6663
1433 2708 1590 2753 Corpus,
1633 2709 1711 2744 deel
1743 2708 1772 2750 Ι,

132 2759 267 2801 blz.77,
285 2761 338 2793 78.

179 2814 193 2836 ²
221 2815 311 2850 Item
329 2816 483 2851 firmiter
500 2816 719 2860 inhibemus,
744 2828 787 2851 ne
805 2817 936 2861 cuique
956 2816 1047 2851 laice
1065 2829 1215 2861 persone
1237 2817 1344 2852 liceat
1361 2816 1505 2861 publice
1528 2818 1586 2851 vel
1602 2816 1790 2862 privatimv

131 2870 174 2903 de
204 2871 273 2904 fido
299 2870 478 2905 catholica
508 2871 715 2914 disputareg
739 2872 801 2914 qui
819 2882 904 2906 vero
933 2872 1214 2913 contrafecerit,
1243 2871 1628 2907 exeonnnunieationis
1644 2872 1772 2914 laqueo

782 2927 873 2935 »mu—

129 2923 338 2960 innodetur.
363 2925 535 2969 <Um-pm,
554 2926 632 2960 deel
649 2925 677 2968 I,
698 2926 763 2960 blz.
790 2936 836 2967 ιι,
863 2927 926 2967 ιδ.)
