2220 3471
660 303 808 335 ELFDE
840 303 902 335 EN
933 303 1190 339 TWAALFDE
1221 305 1422 337 EEUWEN
1825 309 1860 340 19

220 399 363 441 munie
400 399 613 454 gekomen
657 414 765 452 was,
804 401 895 456 riep
931 402 1030 444 hem
1062 401 1114 443 de
1149 401 1346 457 bisschop
1382 406 1451 445 toe
1480 417 1487 446 :
1521 420 1536 441 ι(
1563 406 1647 446 Ζο0
1684 405 1741 462 gij
1782 405 1858 448 het

219 470 563 513 levendmakend
583 475 826 515 sacrament
851 485 981 515 enzer
999 473 1229 528 zaligheid,
1252 473 1324 516 dat
1348 475 1405 530 gij
1428 488 1484 516 nu
1504 474 1546 516 in
1568 489 1663 517 uwe
1685 476 1859 519 handen

218 540 371 592 houdt,
393 541 480 585 ooit
515 541 618 584 hebt
653 542 819 585 durven
845 544 1055 595 lasteren,
1090 543 1264 586 verbied
1283 545 1322 586 ik
1351 559 1376 587 u
1396 545 1471 588 het
1496 548 1539 588 te
1563 549 1744 599 nutten3
1783 561 1859 590 zoe

219 612 324 663 niet,
359 615 553 668 ontvang
591 613 682 656 het.
712 630 728 652 ›>
770 614 832 655 En
867 615 926 670 hij
968 615 1150 670 ontving
1182 616 1273 659 het.
1317 616 1605 671 Dienvolgens
1640 618 1762 660 werd
1797 619 1858 674 hij

222 683 554 739 vrijgesproken
588 697 641 726 en
675 684 914 740 losgelaten
939 699 948 734 ς
976 699 1095 728 maai·
1133 686 1177 728 in
1209 687 1322 742 zijne
1360 688 1620 730 haardstede
1655 692 1861 744 terugge-

217 754 366 806 keerd,
390 753 497 811 hing
521 754 579 810 hij
607 769 693 811 neg
727 755 1054 812 hardnekkiger
1072 757 1155 799 dan
1183 771 1365 813 vroeger
1398 759 1512 815 zijne
1553 759 1730 817 ketterij
1756 775 1856 804 aan.

218 825 387 867 Korten
426 826 505 882 tijd
531 826 696 869 daarna
718 827 839 869 werd
878 827 936 884 hij
978 828 1021 870 in
1043 829 1240 883 overspel
1276 829 1446 884 betrapt
1483 843 1535 871 en
1571 831 1753 885 gedood.
1790 832 1860 874 Dit

217 896 325 938 alles
348 897 510 940 vertelt
536 910 613 939 ons
641 911 720 940 een
739 898 994 954 tijdgenoot‚
1038 899 1104 941 die
1128 912 1222 941 001·-
1257 914 1310 942 6η
1345 901 1603 956 ooggetuige
1627 915 1712 944 van
1753 903 1860 945 alles

218 967 384 1024 schijnt
407 971 602 1023 geweest
625 972 668 1011 te
693 969 778 1025 zijn
806 967 832 1012 ¹.

278 1039 328 1081 In
346 1039 421 1081 het
445 1040 571 1094 geval
596 1053 680 1082 van
713 1040 795 1082 den
830 1039 1103 1083 verbranden
1139 1042 1401 1085 Ramihrdus
1425 1042 1775 1099 (1077)evena1s
1814 1044 1858 1087 in

216 1110 293 1153 het
317 1112 463 1152 eerste
486 1110 576 1153 niet
599 1109 769 1166 bloedig
791 1110 1109 1166 kettergericht
1130 1126 1211 1154 van
1243 1112 1355 1155 1025
1377 1115 1421 1155 te
1440 1113 1625 1156 Atrecht
1646 1128 1698 1157 en
1723 1115 1765 1157 in
1785 1115 1858 1158 dat

216 1194 300 1224 van
326 1180 453 1223 Trier
474 1181 633 1236 (1112)
657 1182 741 1224 ziet
766 1196 879 1233 men,
907 1182 980 1225 dat
1004 1183 1055 1225 de
1077 1182 1277 1238 bisschop
1300 1187 1343 1226 te
1362 1183 1461 1226 dien
1479 1185 1586 1242 tijde
1605 1185 1655 1227 de
1678 1185 1858 1240 geheele

216 1249 323 1292 zaak
362 1249 406 1291 in
431 1263 615 1305 persoon
656 1250 811 1301 leidde,
849 1251 1042 1307 plechtig
1086 1251 1327 1307 bijgestaan
1373 1252 1477 1296 door
1515 1254 1629 1310 zijne
1664 1255 1858 1310 gansche

215 1320 547 1378 geestelijkheid
571 1335 624 1364 en
661 1322 703 1363 in
744 1322 795 1363 de
826 1322 1258 1378 tegenwoordigheid
1297 1337 1382 1366 van
1422 1324 1473 1366 de
1508 1325 1857 1380 toegestroomde

216 1391 387 1444 leeken,
419 1392 660 1447 vergaderd
685 1393 728 1434 in
753 1406 858 1435 eene
882 1396 1035 1448 groote
1058 1393 1184 1436 kerk.
1212 1393 1303 1436 Ook
1338 1407 1495 1449 sparen
1520 1395 1614 1438 zieh
1638 1395 1689 1438 de
1726 1396 1861 1439 kerk-

220 1463 416 1519 voogden
441 1464 531 1506 niet
555 1477 607 1505 en
644 1463 926 1506 redetwisten
946 1464 997 1521 zij
1022 1464 1065 1506 in
1102 1465 1130 1506 't
1155 1465 1259 1520 lang
1297 1479 1349 1507 6η
1386 1466 1428 1508 1η
1465 1467 1496 1508 't
1519 1466 1650 1509 breed
1684 1471 1772 1510 met
1805 1468 1857 1510 de

215 1534 456 1577 verdachte
479 1534 648 1577 ketters
682 1548 785 1577 over
808 1535 860 1576 de
879 1538 1043 1589 punten
1067 1549 1152 1577 van
1176 1535 1253 1577 het
1275 1536 1433 1591 geloof.
1461 1538 1520 1579 De
1543 1538 1852 1594 geestelijken,

215 1604 281 1646 die
304 1604 484 1647 hunnen
503 1603 704 1660 bissehop
723 1605 968 1660 omringen,
991 1619 1147 1648 nemen
1167 1606 1391 1664 insgelijks
1412 1608 1501 1650 hun
1521 1609 1702 1651 aandeel
1720 1609 1764 1651 in
1783 1609 1859 1653 het

215 1675 391 1732 geding,
421 1689 473 1718 en
498 1676 604 1718 zelfs
643 1676 694 1718 de
734 1676 1054 1732 volksmenigte
1076 1678 1215 1733 speelt
1251 1691 1298 1719 er
1344 1678 1448 1721 hare
1481 1680 1562 1722 rol.
1590 1680 1648 1721 Te
1670 1680 1858 1723 Atrecht

213 1746 345 1790 keurt
368 1747 419 1804 zij
441 1747 550 1803 goed
575 1745 591 1768 ²
626 1750 715 1790 wat
737 1747 789 1789 de
811 1747 1012 1802 bisschop
1050 1762 1104 1790 en
1128 1749 1182 1791 de
1206 1749 1539 1806 geestelijkheid
1574 1754 1661 1794 met
1687 1751 1738 1793 de
1782 1750 1856 1794 be-

213 1817 373 1860 keerde
391 1818 560 1860 ketters
584 1831 859 1873 aanvangen.
887 1819 945 1860 Te
968 1818 1194 1875 Kamerijk
1221 1819 1360 1862 sleurt
1382 1820 1434 1876 zij
1462 1820 1726 1864 Ramihrdus
1747 1835 1855 1865 naar

214 1889 296 1931 den
316 1888 595 1944 brandstapel
620 1903 673 1931 en
697 1889 820 1945 helpt
842 1889 894 1945 zij
920 1889 972 1931 de
1004 1889 1204 1932 dienaars
1229 1904 1311 1933 van
1347 1891 1431 1933 den
1453 1890 1653 1947 bissehop
1678 1906 1747 1934 om
1771 1893 1855 1935 den

213 1958 551 2002 vereordeelden
587 1959 733 2002 ketter
756 1962 798 2002 te
836 1958 1111 2001 verbranden
1135 1957 1166 2002 ³.
1206 1961 1263 2001 Te
1288 1960 1413 2003 Trier
1436 1962 1607 2004 seheldt
1624 1976 1672 2004 ze
1696 1975 1747 2018 op
1772 1963 1854 2005 den

211 2030 543 2086 hardnekkigen
567 2030 714 2072 ketter
736 2030 946 2073 Frederik
965 2045 1019 2072 en
1044 2031 1295 2074 schreeuwt
1312 2046 1375 2083 ze,
1403 2033 1477 2075 dat
1501 2047 1598 2076 men
1618 2034 1716 2076 hem
1741 2039 1855 2078 meet

215 2102 522 2144 veroordeelen
546 2099 576 2144 ⁴.
605 2102 654 2143 In
678 2101 728 2143 de
747 2101 1066 2145 hoofdtrekken
1092 2105 1303 2144 stemmen
1329 2103 1452 2146 aldus
1477 2104 1544 2146 die
1568 2105 1661 2147 drie
1685 2106 1853 2148 ketter-

211 2173 456 2228 gerichten,
483 2173 549 2215 die
575 2173 643 2229 wij
665 2172 826 2228 tijdens
845 2173 896 2215 de
928 2170 1015 2215 llde
1039 2174 1153 2214 enin
1180 2175 1254 2216 het
1280 2173 1406 2229 begin
1432 2175 1508 2217 (161·
1537 2173 1626 2217 12⁶⁰
1661 2190 1783 2219 eeuw
1807 2177 1851 2219 in

213 2257 318 2286 onze
341 2248 561 2300 gewesten
598 2243 854 2295 aantreffen‚
883 2244 1112 2286 volkoinen
1155 2245 1466 2288 metelkander
1502 2260 1688 2290 overeen
1709 2261 1761 2290 en
1796 2249 1849 2305 zij

258 2432 268 2453 ¹
299 2433 406 2466 Nunc
417 2434 539 2466 autem
554 2434 726 2475 superest,
742 2434 782 2466 ut
797 2433 982 2475 gestorum
998 2433 1075 2476 ejus
1092 2431 1302 2475 [ssrunonis]
1321 2431 1503 2473 quoddam
1520 2433 1765 2476 memorabile,
1786 2437 1848 2468 ccci

210 2498 269 2520 me
284 2488 434 2530 conciyz’c
451 2487 638 2526 interesse,
656 2486 805 2521 debeam
826 2486 1024 2521 declarare.
1044 2487 1212 2530 (Corpus,
1232 2486 1298 2519 blz.
1320 2486 1389 2527 19.)

258 2541 273 2563 ²
301 2541 458 2575 Favente
474 2541 620 2584 populo.
639 2540 811 2584 (Corpus,
827 2540 896 2574 blz.
913 2541 962 2582 5.)

259 2596 272 2616 ³
299 2594 454 2635 Quidam
478 2605 563 2629 vero
587 2595 630 2629 (16
654 2594 828 2629 ministris
846 2593 1005 2638 episcopi
1022 2596 1056 2629 et
1073 2593 1136 2628 alii
1154 2593 1258 2628 multi
1276 2593 1492 2628 deducentes
1509 2605 1593 2629 eum
1610 2594 1648 2629 in
1667 2596 1848 2639 quoddam

211 2649 401 2694 tugurium
425 2649 603 2684 inducunt
628 2652 661 2683 et
688 2660 759 2683 non
782 2649 1022 2683 reluctantem
1045 2649 1107 2683 sed
1131 2648 1352 2691 intrepidum
1371 2651 1417 2688 et,
1442 2651 1482 2682 ut
1505 2648 1620 2690 aiunt,
1638 2650 1675 2684 in
1688 2651 1854 2686 oratione

212 2707 432 2748 prostratum
456 2704 600 2740 admoto
619 2703 703 2747 igne
721 2715 803 2738 cum
817 2703 965 2747 tugurio
983 2705 1269 2738 combusserunt.
1289 2704 1462 2746 (Corpus,
1481 2704 1548 2737 blz.
1570 2704 1637 2747 12.)

258 2759 273 2781 ⁴
303 2760 463 2801 Cumque
479 2759 524 2793 ab
540 2759 763 2793 adstantibus
782 2769 877 2793 nunc
894 2758 1130 2801 singulariter
1147 2769 1244 2791 nune
1261 2758 1503 2792 communiter
1516 2758 1724 2801 increpatus
1741 2762 1851 2803 atque

211 2813 258 2848 ad
275 2813 519 2848 Christianam
536 2813 724 2849 veritatem
741 2813 910 2848 incitatus
924 2814 1034 2848 nollet
1051 2813 1290 2856 acquiescere,
1310 2813 1370 2847 sed
1388 2813 1504 2856 magis
1522 2813 1735 2849 infidelitate
1750 2815 1849 2849 (lele-

212 2868 322 2913 gisset
338 2868 518 2903 obstinata
534 2872 652 2904 mente
669 2868 870 2912 persistere,
896 2869 1167 2902 acclamabatur
1180 2869 1224 2902 ab
1239 2867 1405 2902 omnibus
1424 2867 1634 2903 Dominicae
1660 2869 1757 2903 vocis
1775 2881 1850 2904 sen-

213 2923 346 2958 tentia:
376 2938 391 2950 <a
408 2924 588 2964 Quoniam
612 2924 801 2958 ecelesiam
825 2935 897 2958 non
920 2923 1034 2964 audit,
1061 2923 1107 2957 sit
1130 2922 1195 2958 tibi
1221 2922 1315 2957 sieut
1341 2922 1506 2957 ethnicus
1529 2926 1561 2957 et
1580 2924 1818 2968 publicanti&
1840 2943 1855 2961 n

214 2978 495 3022 adjeceruntque
510 2979 623 3021 gradu
641 2981 830 3015 moveatur
847 2981 881 3014 et
894 2979 1140 3014 damnaretur.
1160 2978 1328 3022 (Corpus,
1350 2978 1418 3012 blz.
1436 2978 1506 3019 ΞΟ.)
