2220 3471
594 309 643 342 IN
676 309 735 341 DE
767 307 1170 340 NEDERLANDSCHE
1203 306 1463 339 GEWESTEN
1806 308 1843 339 57

199 408 392 466 vreugde
431 421 499 451 om
535 408 614 450 het
651 421 733 450 aan
775 409 820 450 te
858 406 952 448 zien
986 420 1092 449 νοοῖ·
1130 407 1341 462 degenen‚
1382 407 1450 449 die
1487 405 1742 454 bedaehten,
1769 404 1843 447 dat

198 480 359 523 zonder
381 480 448 523 die
473 478 844 533 strafoefeningen
871 478 1024 534 geheel
1058 478 1132 520 het
1157 478 1256 520 land
1290 477 1395 520 door
1416 478 1468 520 de
1490 477 1660 520 ketters
1683 475 1843 532 vergif-

198 552 292 607 tigd
310 565 364 593 en
386 550 607 593 bedorven
634 563 713 592 zou
737 550 825 605 zijn
850 551 1087 604 geworden
1109 548 1138 590 ¹.

259 623 308 664 In
333 622 416 664 den
443 621 522 677 tijd
547 635 630 664 van
655 624 770 663 twee
794 619 840 662 of
859 619 951 662 drie
985 620 1198 662 maanden
1221 619 1308 662 had
1332 619 1513 662 broeder
1536 618 1715 669 Robert‚
1738 631 1847 661 naar

201 693 278 735 het
312 705 476 748 zeggen
511 706 596 734 van
622 692 703 734 den
727 691 1001 746 Engelschen
1026 690 1269 746 tijdgenoot
1292 691 1542 733 Matthaeus
1567 689 1842 740 parisiensis,

201 776 420 818 ongeveer
462 763 607 819 vijstig
648 763 817 805 ketters
855 763 972 804 laten
1011 760 1284 804 verbranden
1319 761 1367 803 of
1398 761 1553 804 levend
1589 760 1809 817 begraven
1834 775 1842 803 2

209 852 226 874 α
245 835 366 877 Infra
394 834 500 877 duos
524 833 590 876 vel
610 836 701 876 tres
734 846 902 875 menses
927 832 1099 875 circiter
1121 832 1436 888 quinquaginta
1460 833 1559 876 fecit
1582 832 1753 875 incendi
1776 832 1845 875 vel

200 907 323 949 vivos
361 905 551 961 sepeliri.
581 905 594 927 Ξ
620 922 637 943 »
684 905 800 947 Doch
839 917 974 959 geene
1019 904 1172 946 enkele
1215 904 1374 946 andere
1412 904 1700 960 gelijktijdige
1737 903 1845 945 bron

200 977 379 1033 spreekt
395 990 482 1019 van
501 977 553 1019 de
574 975 729 1018 levend
747 975 1002 1031 begraving,
1020 975 1087 1017 die
1104 974 1410 1030 Godtergende
1429 975 1552 1025 straf,
1576 974 1717 1016 welke
1736 975 1848 1016 later

201 1049 245 1091 in
268 1049 425 1091 zekere
457 1047 824 1103 bloedplakkaten
849 1061 933 1089 van
967 1047 1114 1090 keizer
1135 1047 1268 1089 Karel
1304 1048 1344 1089 V
1367 1050 1496 1102 tegen
1520 1047 1572 1090 de
1596 1047 1847 1089 kettersche

201 1133 412 1162 vrouwen
437 1119 515 1161 der
541 1117 633 1162 16⁶¹e
657 1132 779 1160 eeuw
804 1119 846 1160 in
881 1119 933 1160 de
956 1118 1262 1161 Nederlanden
1286 1118 1407 1160 werd
1446 1118 1841 1173 voorgeschreven.

201 1189 483 1246 Integendeel
517 1190 695 1245 spreekt
730 1189 957 1231 Albericus
989 1189 1130 1231 alleen
1165 1203 1249 1231 van
1281 1188 1441 1232 inclusi
1464 1203 1516 1231 en
1542 1189 1744 1231 Mousket
1763 1202 1846 1230 van

200 1261 410 1312 enmwe's,
437 1261 626 1316 hetgeen
645 1263 688 1303 te
712 1260 808 1302 dien
827 1260 933 1316 tijde
950 1259 1236 1312 beteekende‚
1262 1260 1335 1302 dat
1353 1274 1451 1302 men
1472 1273 1706 1315 geworpen
1726 1259 1848 1300 werd

203 1332 245 1374 in
272 1346 408 1375 eenen
432 1331 608 1380 kerker,
638 1345 845 1374 waarvan
871 1331 923 1372 de
957 1334 1081 1386 poort
1114 1331 1428 1387 toegemetseld
1451 1331 1574 1373 werd
1597 1344 1651 1372 en
1675 1330 1841 1372 waarin

204 1403 368 1446 slechts
393 1417 471 1445 een
496 1406 751 1458 venstergat
786 1402 905 1444 lucht
940 1416 991 1444 en
1016 1402 1122 1444 Iicht
1145 1402 1405 1445 verschaste.
1436 1403 1509 1444 Die
1534 1401 1649 1444 straf
1665 1402 1700 1443 is
1724 1401 1849 1443 reeds

203 1487 281 1530 erg
298 1487 464 1530 genoeg
483 1474 492 1516 1
514 1474 764 1516 Matthaeus
783 1473 1042 1515 Parisiensis
1063 1477 1189 1528 voegt
1205 1488 1252 1515 er
1271 1473 1345 1529 bij,
1369 1473 1442 1516 dat
1461 1473 1512 1515 de
1529 1472 1848 1516 kettervervol-

203 1545 364 1601 gingen
388 1559 473 1587 van
496 1544 679 1586 broeder
702 1543 867 1587 Robert
887 1545 1034 1586 vooral
1058 1544 1294 1599 geduchtig
1313 1558 1462 1586 waren
1486 1544 1525 1585 in
1550 1543 1845 1593 Vlaanderen‚

205 1629 326 1659 waar
364 1616 414 1658 de
453 1616 674 1659 inwoners
715 1616 809 1657 zich
843 1629 961 1657 meer
1000 1615 1082 1657 dan
1125 1615 1265 1658 elders
1299 1615 1496 1670 schuldig
1529 1614 1732 1657 maakten
1765 1628 1849 1657 aan

205 1688 398 1738 woeker,
426 1701 478 1729 en
498 1687 572 1729 dat
596 1687 647 1729 de
672 1687 929 1741 inquisiteur
947 1686 1000 1728 de
1018 1686 1122 1741 hulp
1142 1687 1218 1728 der
1235 1686 1506 1742 wereldlijke
1531 1686 1676 1728 maoht
1698 1686 1789 1728 niet
1806 1689 1850 1728 te

203 1758 405 1814 vergeefs
444 1758 528 1800 had
568 1758 848 1812 ingeroepen‚
887 1758 934 1813 ja
975 1757 1080 1799 zelfs
1126 1757 1358 1813 geldelijke
1392 1758 1594 1812 toelagen
1638 1770 1723 1799 van
1765 1757 1848 1798 den

204 1829 459 1872 Franschen
499 1828 664 1884 koning
702 1828 924 1884 Lodewijk
958 1828 1041 1871 den
1081 1829 1249 1883 Heilige
1292 1828 1515 1883 gekregen
1552 1827 1639 1871 had
1662 1831 1691 1870 ³.
1733 1828 1850 1869 Eene

204 1901 366 1943 andere
396 1900 684 1956 gelijktijdige
717 1898 825 1942 bron
861 1899 968 1954 stipt
1007 1900 1087 1941 ook
1123 1913 1220 1950 aan‚
1248 1899 1322 1941 dat
1344 1899 1395 1941 de
1417 1899 1633 1954 goederen
1657 1898 1734 1941 der
1756 1911 1851 1941 ver-

206 1971 369 2014 brande
392 1971 562 2014 ketters
584 1970 690 2013 door
720 1970 772 2012 de
805 1970 1076 2026 wereldlijke
1109 1971 1256 2013 macht
1287 1971 1579 2025 aangeslagen
1612 1970 1790 2012 werden
1816 1969 1848 2012 ⁴.

267 2043 464 2098 Volgens
487 2042 538 2084 de
556 2042 878 2097 aantcekening
903 2055 988 2084 van
1007 2042 1199 2084 dezelfde
1217 2041 1505 2098 gelijktijdige
1523 2041 1700 2098 kronijk
1718 2039 1748 2092 ⁵,
1771 2054 1850 2082 zou

258 2269 265 2290 ¹
295 2268 414 2303 Moult
429 2268 442 2302 i
458 2272 518 2303 eut
535 2271 643 2312 grant
660 2269 743 2303 duel
760 2281 780 2303 a
805 2269 957 2308 lardoir,
981 2269 992 2311 l
1010 2268 1103 2302 Mais
1130 2280 1197 2302 cou
1215 2269 1251 2302 fu
1277 2280 1388 2312 grans
1399 2267 1474 2312 joie
1493 2279 1585 2311 pour
1603 2267 1681 2302 voir
1696 2281 1704 2311 3
1722 2268 1734 2310 l
1752 2267 1852 2308 Quar

208 2324 235 2358 il
252 2324 411 2359 euissent
423 2324 613 2368 enpuisnie
629 2327 639 2366 l
657 2325 752 2360 Tout
769 2326 803 2359 le
820 2324 897 2368 pais
914 2328 949 2359 et
966 2324 1150 2368 engignie.

257 2379 270 2401 Ξ
302 2378 489 2413 Chronica
508 2381 654 2422 majora
672 2380 718 2413 ad
734 2391 869 2413 annum
888 2380 972 2411 1936
988 2393 996 2421 ς
1018 2379 1169 2423 Corpus,
1187 2380 1253 2413 blz.
1273 2380 1326 2413 97.

256 2434 269 2453 ³
299 2433 501 2476 Praecipue
526 2436 647 2468 tamen
672 2434 710 2468 in
736 2434 922 2476 Flandria,
947 2434 1009 2468 ubi
1025 2434 1070 2468 de
1098 2446 1198 2468 more
1214 2434 1379 2468 solebant
1395 2434 1536 2468 incolae
1552 2444 1746 2468 usurarum
1763 2433 1852 2468 vitio

209 2488 289 2531 plus
315 2489 466 2522 caeteris
490 2489 699 2523 nationibus
723 2488 904 2522 diffamari
925 2512 934 2520 .
951 2514 958 2521 .
982 2513 990 2522 .
1011 2513 1018 2521 .
1038 2489 1195 2532 Adjutns
1220 2491 1254 2522 et
1271 2488 1445 2522 bracchio
1461 2488 1638 2522 saeculari
1655 2491 1690 2523 et
1705 2488 1851 2523 domino

209 2553 296 2585 rege
320 2543 545 2576 Francorum
581 2543 810 2586 impendente
838 2543 1052 2583 subsidium,
1084 2543 1169 2578 fecit
1203 2543 1298 2577 idem
1327 2544 1440 2577 frater
1468 2543 1648 2577 Robertus
1675 2542 1852 2577 incendiis

209 2596 422 2630 incinerari.
440 2597 606 2641 (Corpus,
627 2598 694 2631 blz.
714 2598 803 2640 112.)

256 2652 270 2672 ⁴
298 2651 373 2685 Alii
396 2663 494 2692 vero,
522 2652 583 2695 qui
608 2652 793 2686 heresibus
817 2652 1021 2687 renuntiari
1047 2653 1254 2692 noluerunt,
1272 2652 1358 2695 igne
1383 2652 1585 2695 consumpti
1609 2654 1743 2686 suntet
1760 2652 1853 2685 bona.

210 2703 372 2746 ipsorum
396 2714 418 2737 a
441 2703 665 2737 secularibus
689 2704 928 2747 potestatibus
952 2708 1034 2739 sunt
1059 2707 1217 2747 recepta.
1234 2704 1413 2746 (Annales
1437 2705 1469 2737 S.
1491 2704 1668 2737 Medarcli
1684 2704 1853 2737 Suessio-

209 2767 340 2790 ownses
357 2758 402 2792 ad
418 2769 554 2792 annum
574 2758 669 2795 1236.
690 2758 726 2791 in
744 2759 788 2792 de
805 2759 1062 2799 monumenta,
1081 2759 1294 2802 Scriptore&
1313 2759 1391 2792 decl
1404 2759 1540 2799 XXVI,
1560 2758 1626 2792 blz.
1644 2757 1720 2798 522,
1739 2769 1782 2792 en
1802 2757 1849 2800 bij

210 2811 400 2855 d’Achcry‚
418 2812 672 2856 Spicileyz'zcm‚
691 2813 769 2847 deel
786 2813 832 2853 ΙΙ,
851 2813 918 2847 blz.
935 2813 1027 2851 491.)

259 2866 272 2886 ὅ
300 2867 465 2900 Annales
478 2867 513 2900 S.
527 2867 704 2901 Mcdardz'
719 2867 994 2901 Suessionenses
1011 2867 1047 2901 in
1065 2867 1109 2901 de
1126 2867 1378 2906 Monumentu,
1395 2867 1607 2911 Scriptores,
1623 2867 1700 2901 dccl
1714 2866 1851 2907 XXVI,

213 2922 278 2955 blz.
305 2922 390 2955 522:
419 2922 500 2956 Non
523 2922 639 2956 solum
658 2921 753 2956 istud
772 2922 906 2956 factum
924 2925 974 2956 est
993 2922 1027 2955 in
1049 2922 1114 2956 isto
1134 2932 1228 2955 anno
1249 2922 1376 2965 [IQBGL
1394 2922 1454 2956 sed
1471 2925 1554 2956 ante
1572 2933 1635 2964 per
1651 2925 1723 2956 tres
1739 2921 1853 2956 conti-

217 2987 307 3010 nuos
323 2987 435 3010 annos
453 2978 487 3010 et
501 2980 576 3019 post
596 2987 659 3019 per
675 2975 833 3019 quinquo
850 2976 1039 3011 continuos
1057 2987 1169 3010 annos
1186 2982 1218 3011 et
1237 2977 1329 3019 plus.
