2220 3471
366 217 406 250 92
871 213 1120 246 DRUKKING
1152 213 1249 244 VAN
1281 213 1340 245 DE
1374 213 1506 245 KERK

367 314 717 370 verplichtingen
738 314 894 370 jegens
912 313 1011 355 hem
1034 313 1235 356 ontslaan
1255 326 1309 354 en
1328 313 1413 369 ziJn
1433 311 1535 354 land
1557 324 1662 354 voor
1683 311 1735 354 de
1754 311 2008 355 christenen

366 386 652 440 openstellen‚
694 384 761 426 die
791 385 867 427 het
901 398 984 426 van
1018 383 1187 427 ketters
1230 383 1434 426 zuiveren
1469 383 1611 425 zullen
1637 396 1691 424 en
1714 385 2006 425 veroveren¹.

365 455 646 510 Integendeel
670 455 813 497 zullen
838 455 889 496 de
914 453 1263 504 kruizvaarders,
1287 453 1352 495 (116
1377 456 1444 496 101
1469 453 1700 509 uitroeiing
1734 453 1811 495 der
1833 452 2008 510 ketterij

366 516 417 557 de
452 529 631 571 wapens
665 528 892 570 opnemen,
929 514 1119 556 dezelfde
1153 513 1311 556 aflaten
1348 527 1400 555 en
1434 513 1693 556 voordeelen
1717 513 1920 569 genieten
1945 513 2010 556 als

365 586 577 641 degenen‚
602 586 669 628 die
695 599 802 628 naar
820 587 847 628 ’t
867 586 1012 641 Heilig
1032 585 1150 627 Land
1175 584 1363 627 trekken
1383 581 1414 627 ².

426 658 516 699 Met
540 657 642 699 deze
666 669 843 700 canones
867 670 948 698 van
981 657 1091 698 1215
1116 654 1282 698 hebben
1307 655 1358 697 de
1383 669 1545 710 pausen
1570 655 1718 698 bunne
1742 654 2010 711 onbeperkte

365 728 510 771 maclit
543 742 595 770 en
629 728 697 770 die
733 728 809 770 der
846 727 1211 783 bisschoppelijke
1250 727 1474 782 Inquisitie
1512 740 1617 769 over
1651 726 1703 768 de
1737 726 2009 783 wereldlijke

365 798 571 841 overheid
595 799 636 840 in
667 799 775 841 zake
801 812 883 841 van
909 798 1319 853 kettervervolging
1343 797 1588 853 gevestigd.

425 870 594 913 Sleclits
639 870 744 912 door
787 870 1115 925 raadgevingen
1154 882 1206 910 en
1247 869 1351 911 door
1390 869 1597 924 gesmeek
1615 867 1699 910 had
1738 867 1790 910 de
1822 867 1944 910 Kerk
1967 867 2011 910 in

364 941 415 982 de
449 938 543 983 11de
568 954 692 983 eeuw
741 940 792 982 (16
826 943 1004 982 vorsten
1045 953 1098 980 en
1140 939 1395 994 regeerders
1439 941 1504 981 tot
1538 938 1892 994 samenwerking
1924 942 2013 981 met

365 1012 415 1053 de
450 1012 676 1066 Inquisitie
701 1010 1024 1066 uitgenoodigd.
1064 1011 1183 1051 Haar
1205 1013 1348 1052 eerste
1377 1009 1692 1066 uitdrukkelijk
1718 1008 1838 1052 bevel
1861 1009 1939 1065 gaf
1957 1010 2008 1067 zij

365 1083 408 1125 in
447 1083 560 1125 1119
595 1096 645 1138 op
680 1083 753 1124 het
788 1081 971 1124 concilie
1005 1095 1088 1123 van
1114 1081 1343 1130 Toulouse,
1372 1081 1539 1123 weldra
1561 1081 1666 1123 door
1687 1081 1763 1124 het
1787 1081 2010 1137 algemeen

364 1153 542 1196 concilie
561 1168 643 1196 van
673 1153 783 1196 1139
807 1152 1109 1207 bekrachtigd,
1137 1166 1191 1194 en
1214 1152 1278 1194 als
1303 1156 1445 1194 eerste
1463 1151 1579 1195 straf
1596 1157 1727 1208 tegen
1742 1152 1794 1195 de
1817 1152 2011 1208 nalatige

363 1228 544 1267 vorsten
569 1224 691 1267 werd
725 1223 921 1279 bepaaId,
950 1224 1024 1266 dat
1047 1223 1098 1280 zij
1135 1237 1243 1266 even
1267 1223 1332 1265 als
1355 1223 1407 1266 de
1430 1223 1599 1266 ketters
1625 1224 1668 1266 in
1693 1223 1775 1266 den
1798 1223 1883 1266 ban
1905 1223 2007 1280 ziJ'n.

363 1297 411 1338 In
453 1296 565 1339 1184
600 1295 722 1351 legde
743 1296 795 1338 de
818 1295 937 1338 Kerk
973 1296 1063 1337 hun
1087 1308 1224 1337 6611611
1249 1294 1327 1337 66(1
1352 1308 1437 1337 van
1461 1294 1854 1350 gehoorzaamheid
1879 1309 1932 1351 op
1958 1308 2011 1338 en

364 1368 415 1424 zij
443 1366 597 1411 strafte
621 1367 672 1409 de
697 1366 1090 1422 wederspannigen
1109 1367 1198 1408 met
1221 1366 1296 1408 het
1315 1365 1473 1408 verlies
1498 1366 1671 1409 hunner
1694 1365 2008 1423 waardigheid.

363 1440 412 1481 In
451 1439 563 1481 1215
596 1438 801 1495 eindelijk
835 1438 1013 1480 werden
1048 1438 1196 1479 hunne
1228 1436 1510 1480 onderdanen
1544 1437 1650 1480 door
1681 1437 1766 1481 den
1800 1451 1909 1494 paus
1943 1440 2009 1482 tot

365 1523 520 1565 oproer
563 1509 919 1566 aangewakkerd
959 1524 1011 1551 en
1056 1511 1197 1551 moest
1239 1508 1328 1550 hun
1368 1508 1471 1551 land
1515 1509 1621 1552 door
1658 1509 2012 1566 rechtgeloovige

363 1582 613 1624 christenen
653 1581 697 1623 in
733 1580 883 1636 beslag
907 1592 1120 1635 genomen
1145 1579 1340 1622 worden.
1367 1578 1494 1622 Ieder
1515 1580 1762 1637 wereldlijk
1780 1583 1918 1631 vorst,
1941 1579 2011 1623 die

364 1653 416 1696 de
448 1653 673 1708 Inquisitie
705 1652 794 1695 niet
828 1654 1014 1695 steunen
1048 1650 1189 1702 wilde,
1230 1651 1368 1693 stelde
1401 1650 1526 1694 aldus
1557 1651 1671 1709 zijne
1697 1651 1835 1694 kroon
1858 1665 1909 1708 op
1935 1651 2011 1695 het

366 1723 473 1779 spel.

413 1932 423 1953 ¹
455 1931 493 1965 Si
519 1942 604 1966 vero
628 1931 796 1966 dominus
818 1930 1027 1975 temporalis
1051 1929 1246 1974 requisitus
1270 1932 1305 1965 et
1329 1930 1488 1964 monitus
1512 1930 1556 1964 ab
1582 1928 1733 1964 ecclesia
1757 1932 1893 1965 terram
1908 1940 2013 1964 suam

366 1998 380 2029 1·
390 1997 523 2030 urgare
555 1986 757 2029 neglexerit
784 1987 828 2020 ab
841 1986 911 2019 hac
938 1986 1121 2020 haeretica
1149 1985 1331 2025 foeditate,
1362 1996 1427 2028 per
1459 1984 1780 2028 metropolitanum
1809 1987 1844 2019 61
1875 1987 2012 2020 ceteros

365 2040 689 2085 comprovinciales
706 2040 891 2084 episcopos
907 2039 1294 2075 excommunicationis
1310 2039 1457 2074 vinculo
1475 2039 1670 2074 innodetur
1684 2052 1693 2082 3
1711 2042 1747 2074 et
1759 2039 1788 2073 si
1805 2039 2014 2074 satisfacere

365 2095 621 2139 contempserit
645 2095 741 2129 infra
765 2106 913 2135 annum,
939 2094 1168 2139 significetur
1195 2094 1263 2129 hoc
1277 2106 1417 2129 summo
1434 2093 1610 2138 pontifici,
1629 2096 1666 2129 ut
1683 2097 1816 2129 extunc
1832 2094 1871 2128 in
1885 2105 1921 2129 se
1938 2105 2013 2129 vas-

365 2150 475 2184 sallos
491 2151 536 2184 ab
553 2151 631 2194 ejus
650 2150 823 2184 fidelitate
840 2150 1034 2184 denunciet
1051 2150 1234 2184 absolutos
1251 2149 1286 2184 et
1301 2153 1436 2185 terram
1454 2153 1610 2193 exponat
1631 2148 1820 2184 catholicis
1838 2160 2014 2193 occupan-

365 2205 549 2247 damsqui
577 2216 666 2245 eam,
693 2204 944 2239 exterminatis
966 2204 1171 2246 haereticis,
1197 2204 1274 2239 sine
1299 2205 1376 2238 ulla
1400 2203 1686 2239 contradictione
1704 2204 1908 2248 possideant
1924 2207 1958 2240 et
1975 2204 2013 2239 in

366 2259 447 2293 fidei
469 2259 626 2302 puritate
643 2262 868 2294 conservent.

412 2314 427 2335 ²
456 2313 634 2348 Catholici
649 2325 746 2354 vero,
761 2314 836 2357 qui,
853 2313 971 2348 crucis
983 2316 1165 2358 assumpto
1179 2314 1399 2352 charactere.
1416 2315 1461 2349 ad
1474 2314 1741 2349 haereticorum
1755 2314 2013 2350 exterminium

366 2380 403 2403 se
427 2369 663 2407 accinxerint,
691 2369 754 2402 1111
780 2369 963 2413 gaudeant
986 2369 1216 2413 indulgentia
1240 2369 1376 2412 illoque
1399 2372 1523 2404 sancto
1552 2369 1747 2414 privilegio
1771 2369 1844 2405 sint
1865 2369 2012 2411 muniti,

370 2424 466 2467 quod
482 2422 736 2458 accedentibus
752 2426 871 2459 terrae
887 2427 1032 2459 sanctae
1048 2423 1249 2458 subsidium
1267 2423 1488 2459 conceditur.
