2220 3471
903 864 1228 926 INHOUD

249 1193 569 1237 VOORBERICHT
608 1227 616 1236 .
687 1224 694 1233 .
768 1225 776 1234 .
848 1225 857 1235 .
931 1227 940 1235 .
974 1249 977 1252 ῃ
1012 1223 1660 1236 .........

247 1273 369 1316 Llas'r
406 1286 495 1315 DER
527 1285 809 1315 LEERLINGEN
847 1285 940 1315 VAN
973 1285 1060 1315 DEN
1093 1284 1398 1315 FRACTlsCHEN
1432 1283 1667 1315 LEERGANG

303 1364 571 1395 GEDURENDE
594 1365 649 1395 DE
671 1365 979 1395 ACADEstCHE
999 1365 1141 1394 JAREN
1170 1350 1419 1394 1888-1891

242 1460 491 1504 INLEIDING.
503 1484 550 1490 -
566 1458 831 1503 OORSPRONG
848 1474 934 1504 DER
958 1473 1428 1504 KETTERVERVOLGING
1445 1461 1662 1504 INWEST-

302 1539 486 1582 EUROPA
525 1571 1014 1582 .......

420 1628 651 1663 Doodvonnis
665 1630 700 1662 te
727 1628 833 1662 Trier
856 1629 894 1663 in
918 1630 983 1662 385
1000 1632 1107 1673 tegen
1123 1629 1193 1664 den
1217 1630 1335 1665 ketter
1352 1628 1606 1664 Priscillianus
1623 1640 1667 1663 en

373 1694 464 1734 zijne
492 1692 732 1736 aanhangers.
759 1710 801 1716 —
826 1693 878 1726 De
902 1693 1038 1736 heilige
1062 1693 1242 1728 Martinus
1266 1704 1337 1727 van
1362 1693 1480 1727 Tours
1502 1692 1605 1726 komt
1627 1702 1667 1725 er

374 1758 480 1799 tegen
498 1767 556 1799 op.
572 1775 613 1779 —
631 1755 674 1789 In
698 1755 760 1789 447
778 1755 886 1790 keurt
910 1767 998 1799 paus
1016 1756 1089 1791 Leo
1105 1756 1121 1790 Ι
1141 1756 1186 1790 de
1210 1756 1342 1791 Groote
1365 1754 1419 1790 dit
1441 1753 1664 1790 doodvonnis

372 1820 478 1864 goed.
493 1839 537 1843 —
549 1819 774 1863 Wetgeving
787 1819 851 1853 der
865 1819 1106 1854 Romeinsehe
1122 1819 1260 1854 keizers
1273 1822 1380 1863 tegen
1397 1819 1441 1853 de
1456 1818 1607 1853 ketters.
1623 1835 1666 1840 —

374 1882 474 1917 Haar
500 1882 624 1917 verval
654 1882 693 1916 in
724 1881 1012 1925 West-Europa.
1043 1901 1084 1906 —
1114 1882 1287 1925 Opkomst
1315 1882 1379 1917 der
1405 1881 1599 1924 ketterijen
1626 1879 1666 1915 in

374 1947 643 1989 west-Europa
667 1945 865 1980 omstreeks
889 1944 951 1979 het
966 1946 1051 1989 jaar
1074 1945 1172 1977 1000.
1199 1964 1239 1970 -
1265 1945 1316 1980 De
1334 1945 1527 1980 Catharen.
1554 1962 1597 1967 -—-
1625 1944 1668 1978 In

371 2009 457 2041 1025
473 2009 544 2050 zijn
559 2019 599 2043 er
621 2007 724 2043 reeds
746 2010 781 2043 te
797 2007 962 2042 Atrecht.
983 2025 1019 2032 -
1046 2008 1098 2042 De
1116 2007 1269 2043 Schelde
1292 2007 1332 2042 in
1348 2008 1393 2042 de
1409 2006 1663 2042 Nederlanden

371 2072 424 2106 als
473 2082 581 2116 grens
618 2069 787 2105 tusschen
825 2070 887 2105 het
925 2069 1097 2104 Duitsohe
1136 2070 1225 2113 Rijk
1264 2082 1308 2105 en
1345 2070 1406 2105 het
1450 2069 1666 2112 koninkrijk

371 2135 583 2176 Frankrijk.
613 2153 655 2158 —-
681 2134 733 2168 De
756 2144 864 2168 zeven
888 2132 1180 2167 Nederlandsehe
1208 2132 1446 2176 bisschoppen
1472 2144 1517 2168 en
1542 2133 1666 2168 hunne

369 2197 449 2232 drie
467 2196 817 2240 aartsbisschoppen.
834 2214 878 2221 -
893 2196 944 2239 Zij
963 2206 1095 2239 zorgen
1121 2198 1214 2231 eerst
1230 2196 1347 2231 alleen
1364 2207 1452 2231 voor
1467 2196 1511 2230 de
1527 2196 1666 2231 ketter-

369 2259 597 2304 vervolging.

239 2355 416 2398 EERSTE
439 2354 728 2398 HOOFDSTUK.
753 2379 805 2385 —
832 2355 894 2397 DE
917 2367 1315 2399 BISSCHOPPELIJKE
1346 2355 1590 2405 INQUISITIE
1613 2366 1662 2397 IN

299 2448 356 2478 DE
378 2435 716 2478 NEDERLANDEN
739 2447 918 2478 TIJDENS
942 2448 998 2477 DE
1027 2433 1118 2476 llde
1141 2448 1199 2478 EN
1226 2432 1319 2478 12(ΙΘ
1342 2447 1534 2477 EEUWEN
1566 2469 1574 2476 .

414 2542 591 2586 Opkomst
603 2542 668 2577 der
683 2542 1020 2587 kettervervolging
1033 2543 1070 2577 in
1087 2543 1149 2578 het
1162 2542 1378 2586 koninkriJ‘k
1391 2541 1603 2583 Frankrijk.
1623 2560 1666 2565 —

371 2606 516 2641 Ketters
545 2607 581 2640 te
611 2605 763 2640 Orlaens
793 2605 832 2639 in
864 2606 946 2638 1022
976 2606 1168 2641 verbrand.
1198 2625 1242 2631 —
1272 2606 1324 2640 De
1352 2604 1596 2650 brandstapel.
1622 2622 1667 2628 —-

369 2668 634 2713 Kettergeding
665 2670 699 2703 te
730 2669 881 2703 Atrecht
929 2669 967 2703 in
1001 2669 1085 2702 1025
1117 2669 1206 2703 door
1238 2668 1404 2711 bissehop
1437 2667 1619 2702 Gerardus
1649 2666 1665 2700 I

367 2733 501 2778 geleid.
534 2750 568 2756 -
603 2731 858 2776 Plechtigheid
883 2732 921 2767 in
940 2733 997 2767 ‘de
1027 2733 1068 2766 O.
1104 2733 1146 2766 L.
1177 2731 1428 2766 Vrouwckerk
1455 2731 1592 2766 aldaar.
1621 2749 1665 2755 —

370 2795 599 2839 Herroeping
613 2795 678 2830 der
695 2794 932 2830 Atrechtsche
957 2795 1105 2830 ketters.
1126 2814 1169 2818 —
1189 2793 1494 2829 Werkeloosheid
1509 2804 1579 2827 van
1596 2792 1664 2826 den

370 2858 577 2894 Luikschen
593 2858 759 2901 bisschop
785 2856 1022 2902 Reginaldus.
1048 2877 1092 2883 —-
1110 2855 1485 2900 Verdraagzaamheid
1509 2867 1578 2890 van
1594 2855 1664 2890 den

370 2921 576 2958 Luikschen
592 2920 759 2967 hisschop
772 2921 825 2957 W
826 2933 887 2957 azo
901 2922 945 2965 (e.
962 2922 1073 2964 1048).
1090 2941 1132 2947 -
1146 2921 1224 2964 Zijn
1239 2920 1412 2966 opvolger
1426 2919 1661 2956 Theoduinus
