2220 3471
548 301 703 334 TEGEN
738 301 798 333 DE
830 300 1232 334 NEDERLANDSCHE
1268 302 1479 336 KETTERS
1773 307 1832 340 109

195 411 252 440 na
288 400 332 440 te
364 398 490 440 leven
525 412 578 440 en
600 398 644 440 in
678 399 826 441 hunne
860 399 1115 442 wetboeken
1150 412 1202 454 op
1225 402 1270 443 te
1303 414 1473 453 nemen,
1500 414 1575 443 zoo
1609 402 1752 445 zullen
1776 403 1828 446 de

194 467 431 524 pauselijke
461 468 740 522 inquisiteurs
768 468 855 510 hen
889 469 1067 511 daartoe
1105 469 1310 525 dwingen
1345 470 1400 527 bij
1438 471 1592 514 midde]
1626 486 1710 516 van
1745 474 1825 516 den

193 538 408 582 banvloek
450 552 554 580 over
593 539 772 581 hunnen
817 553 1001 594 persoon
1040 554 1093 582 en
1135 555 1217 584 van
1254 541 1330 583 het
1364 542 1568 584 interdict
1603 557 1707 585 over
1739 545 1829 586 hun

193 612 361 664 geWest
387 609 717 664 uitgesproken;
745 609 796 651 de
820 624 926 665 paus
950 615 1094 654 neemt
1116 611 1419 654 daarenboven
1440 613 1493 654 de
1510 626 1722 670 voorzorg
1740 615 1827 658 hun

193 681 275 723 den
314 679 559 735 volledigen
601 680 720 723 tekst
763 680 839 722 der
876 681 967 723 drie
1013 686 1176 726 wetten
1221 697 1326 725 over
1367 686 1411 725 te
1456 684 1618 726 zenden
1642 687 1669 728 ¹.
1717 687 1831 728 Paus

194 751 392 795 Clemens
410 752 472 794 IV
493 751 593 794 doet
615 750 831 793 hetzelfde
855 754 944 793 met
968 765 1073 794 eene
1095 766 1322 808 nagenoeg
1346 753 1685 811 gelijkluidende
1709 756 1831 798 inlei-

192 822 310 877 ding,
338 822 506 864 waarin
539 821 841 864 daarenboven
879 821 1098 865 verboden
1138 824 1283 867 werdt
1300 824 1367 867 die
1388 824 1642 881 keizerliJ'ke
1668 830 1830 870 wettcn

193 897 323 948 tegen
362 893 413 935 de
450 892 619 935 ketters
657 892 742 935 ooit
766 892 815 935 af
845 896 890 935 te
934 891 1176 936 scliaffen².
1213 895 1261 936 In
1307 895 1358 937 de
1399 896 1556 938 laatste
1588 898 1715 953 jaren
1755 899 1832 941 der

194 960 284 1005 13‘ie
301 977 423 1007 eeuw
447 962 565 1018 geeft
584 963 829 1006 Bonifacius
849 964 930 1006 VII
949 977 1137 1006 evenzoo
1162 964 1272 1021 zijne
1298 966 1409 1008 volle
1428 967 1727 1024 goedkeuring
1747 982 1830 1011 aan

191 1033 242 1076 de
261 1037 426 1076 wetten
443 1047 528 1076 van
547 1033 757 1075 Frederik
775 1034 815 1076 II
835 1037 965 1089 tegen
985 1035 1035 1076 de
1053 1035 1221 1078 ketters
1240 1036 1282 1077 in
1303 1037 1414 1093 zijne
1433 1037 1505 1080 bul
1522 1053 1605 1081 van
1625 1041 1640 1081 l
1657 1039 1830 1096 Augus-

190 1108 261 1148 tus
288 1106 402 1149 1293
419 1105 449 1157 ⁸,
482 1106 650 1147 waarin
672 1104 731 1161 hij
759 1118 865 1147 eene
899 1104 1069 1147 nieuwe
1101 1107 1360 1161 goddelooze
1384 1122 1436 1150 en
1464 1109 1688 1153 zedelooze
1712 1114 1830 1154 secte

192 1176 491 1226 brandmerkt,
519 1189 571 1218 eu
598 1176 762 1218 waarin
786 1175 846 1232 hij
880 1175 931 1217 de
954 1175 1241 1232 bisschoppen
1265 1191 1318 1220 en
1342 1179 1622 1233 inquisiteurs
1645 1186 1827 1238 oproept

191 1262 258 1290 om
276 1262 324 1290 ze
344 1245 695 1302 onmeedoogend
712 1249 756 1289 te
775 1246 1111 1289 onderdrukken
1134 1247 1189 1303 bij
1211 1249 1370 1291 middel
1394 1250 1472 1293 der
1494 1253 1750 1310 geestelijke
1773 1268 1827 1296 en

190 1318 462 1375 wereldlijke
480 1321 694 1369 statuten,
717 1319 882 1366 vooral,
908 1322 1007 1373 zegt
1032 1319 1108 1375 hij,
1133 1318 1187 1375 bij
1210 1320 1364 1362 middel
1384 1321 1461 1364 der
1480 1326 1659 1375 wetten,
1686 1325 1828 1367 welke

189 1390 337 1446 wijlen
363 1390 506 1431 keizer
531 1388 742 1431 Frederik
761 1389 816 1440 II,
846 1389 888 1430 in
913 1389 994 1431 (len
1020 1390 1099 1446 tijd
1123 1390 1195 1433 dat
1231 1391 1290 1447 hij
1318 1391 1394 1433 der
1417 1393 1540 1436 Kerk
1561 1395 1829 1451 onderdanig

187 1474 295 1510 was,
338 1463 470 1515 tegen
514 1460 565 1502 de
603 1460 771 1503 ketters
816 1474 870 1501 en
915 1461 954 1501 al
996 1460 1145 1503 hunne
1184 1462 1459 1518 aanhangers
1498 1466 1828 1521 uitgevaardigd

187 1531 308 1574 heeft
332 1529 360 1574 ⁴.
389 1532 437 1573 In
466 1531 579 1574 1298
601 1530 914 1586 bekrachtigde
942 1531 1133 1573 dezelfde
1158 1546 1265 1587 paus
1298 1533 1349 1575 de
1373 1538 1538 1578 wetten
1562 1550 1645 1578 van
1680 1537 1825 1580 keizer

186 1602 398 1646 Frederik
414 1603 454 1644 II
476 1616 528 1658 op
553 1616 639 1658 nog
671 1603 915 1658 plechtiger
937 1603 1064 1659 Wijze
1088 1603 1131 1645 in
1172 1603 1285 1660 zijne
1309 1605 1557 1649 decretalen
1588 1608 1825 1665 (afdeeling

235 1807 245 1829 ¹
292 1807 382 1842 Cum
410 1807 580 1842 adversus
612 1807 832 1842 haereticam
863 1807 1080 1850 pravitatem
1112 1808 1294 1851 quondam
1334 1810 1542 1845 Fridericus
1578 1811 1827 1846 Romanorum

186 1863 384 1906 imperator
397 1862 683 1906 promulgaverit
699 1863 871 1905 quasdam
887 1863 984 1906 leges
998 1874 1062 1906 per
1075 1874 1176 1906 quaS‚
1191 1875 1235 1898 ne
1252 1868 1481 1908 pervagetur,
1500 1867 1678 1910 compesci
1697 1867 1827 1910 poterit

186 1917 295 1961 pestis
307 1916 383 1958 illa,
396 1928 460 1951 nos
476 1917 557 1951 illas
569 1918 730 1952 volentes
743 1917 788 1951 ad
801 1917 914 1951 robur
931 1917 1015 1951 fidei
1032 1929 1074 1951 ac
1090 1918 1244 1952 salutem
1261 1919 1422 1953 fidelium
1440 1920 1636 1962 observari,
1651 1921 1826 1955 universi-

185 1971 253 2006 tati
276 1974 415 2006 vestrae
438 1983 502 2015 per
518 1971 712 2015 apostolica
728 1971 863 2015 scripta
876 1972 1102 2011 mandamus,
1118 1975 1294 2015 quatenus
1311 1984 1382 2016 eaS‚
1398 1985 1553 2017 quarum
1566 1978 1708 2009 tenores
1726 1975 1826 2009 vobis

185 2026 363 2061 mittimus
387 2025 540 2061 insertos
564 2025 826 2069 praesentibus,
857 2026 999 2061 faciatis
1023 2026 1159 2070 singuli
1182 2029 1220 2061 in
1236 2027 1363 2062 vestris
1381 2029 1642 2071 capitularibus
1658 2030 1826 2065 annotari

185 2085 312 2117 contra
334 2081 535 2116 haereticos
559 2084 676 2116 sectae
703 2081 910 2126 cujuslibet,
940 2083 1138 2116 secundum
1166 2094 1225 2116 eas
1252 2086 1378 2117 exacta
1401 2083 1593 2128 diligentia
1610 2084 1824 2128 processuri.

183 2136 357 2180 Alioquin
384 2136 525 2171 dilectis
553 2136 639 2170 filiis
663 2136 778 2180 priori
808 2136 1022 2180 provinciali
1052 2140 1086 2172 et
1114 2137 1288 2172 fratribus
1320 2138 1596 2180 inquisitoribus
1622 2140 1826 2174 haereticae

183 2191 372 2235 pravitatis
388 2191 526 2225 ordinis
543 2191 834 2235 praedicatorum
850 2191 889 2225 in
907 2191 1136 2232 Lombardia‚
1164 2192 1330 2226 Marchia
1349 2193 1541 2228 Tarvisina
1557 2197 1592 2229 et
1609 2194 1827 2229 Romaniola

182 2245 299 2280 literis
322 2246 453 2280 nostris
477 2245 717 2290 injungimus,
743 2248 784 2280 ut
808 2257 869 2279 vos
892 2246 939 2280 ad
962 2245 998 2279 id
1023 2256 1086 2289 per
1115 2247 1525 2283 excommunicationem
1549 2248 1588 2282 in
1605 2259 1775 2292 personas
1791 2253 1827 2285 et

183 2300 418 2335 interdictum
436 2300 475 2335 in
491 2303 622 2341 terras,
642 2299 885 2343 appellatione
910 2302 1060 2342 remota,
1079 2301 1307 2344 compellant.
1336 2302 1494 2337 Teneres
1510 2306 1632 2338 autem
1648 2304 1771 2347 legum
1787 2304 1826 2339 hi

185 2357 268 2389 sunt
284 2365 290 2386 :
316 2358 387 2389 etc.
405 2355 551 2396 (Bullen
568 2366 638 2389 van
656 2355 740 2387 1243
757 2366 801 2389 en
817 2355 929 2397 1254.)

231 2410 245 2431 ²
273 2409 510 2444 Universitati
538 2414 654 2444 vestre
682 2421 747 2453 per
777 2409 975 2453 apostolica
999 2410 1133 2454 scripta
1160 2411 1385 2453 mandamus,
1411 2412 1581 2456 quatinus
1608 2424 1668 2448 eas
1685 2413 1824 2458 [leges],

184 2475 338 2508 quarum
355 2467 516 2499 tenorem
531 2464 632 2498 vobis
649 2464 825 2498 mittimus
841 2464 1015 2499 insertum
1034 2465 1272 2508 presentibus,
1291 2465 1329 2500 in
1346 2467 1472 2501 vestris
1488 2467 1598 2502 scribi
1617 2468 1824 2512 capitulari·

184 2519 250 2553 bus
267 2519 409 2553 faciatis
426 2519 536 2552 nullis
553 2519 636 2553 inde
653 2518 877 2562 temporibus
893 2520 1098 2554 abolendas.

231 2573 245 2595 ³
273 2573 455 2610 Sbaralea.
487 2573 714 2613 Βιιῑῖανιίιιη,
741 2574 820 2608 (1881
847 2574 907 2615 IV,
926 2574 994 2607 blz.
1011 2574 1087 2614 400,
1114 2581 1152 2608 n‘
1175 2575 1240 2617 803
1269 2575 1487 2610 Bullarz'wn
1512 2578 1726 2612 Romanum
1750 2578 1825 2620 (ed.

186 2627 322 2671 Taur.)‚
344 2628 423 2663 deel
446 2628 509 2670 IV,
534 2628 602 2662 blz.
629 2628 702 2668 134,
730 2638 761 2662 n⁴
791 2629 835 2670 93
863 2627 1087 2671 Raynaltlus,
1112 2630 1289 2671 Annales,
1315 2631 1393 2665 decl
1417 2631 1516 2672 XIV,
1542 2632 1609 2666 blz.
1634 2632 1711 2673 498,
1736 2633 1821 2676 4993

184 2682 362 2725 Potthast‚
377 2683 456 2717 deel
476 2684 519 2723 ll,
534 2682 589 2716 blz
622 2683 718 2723 1051,
733 2693 770 2716 nr
785 2682 907 2715 94378.

228 2736 244 2757 ⁴
271 2737 368 2778 Quos
384 2736 507 2780 puniri
521 2737 685 2771 volumus
698 2736 896 2778 sententiis,
916 2737 1040 2780 poenis
1054 2740 1089 2771 et
1105 2738 1250 2772 mulctis
1262 2738 1373 2773 illatis
1389 2738 1466 2782 ipso
1478 2741 1562 2784 jure
1577 2742 1611 2775 et
1627 2739 1824 2776 inferendis

183 2803 246 2836 per
276 2791 503 2835 apostolicas,
533 2792 739 2832 canonicas,
768 2791 1028 2826 ecclesiasticas
1060 2795 1094 2826 et
1125 2793 1342 2827 secularium
1371 2794 1577 2838 principum
1606 2795 1820 2837 sanctiones,

182 2846 394 2891 praesertim
419 2847 598 2889 quondam
624 2845 808 2880 Frederici
826 2846 912 2880 olim
930 2846 1180 2881 Romanorum
1202 2847 1444 2891 imperatoris,
1462 2853 1623 2893 tempore
1639 2861 1709 2894 quo
1725 2850 1821 2885 idem

182 2901 222 2936 in
234 2900 424 2936 devotione
439 2901 626 2935 Romanae
642 2899 813 2934 ecclesiae
831 2901 1053 2944 persistebat,
1073 2904 1199 2937 contra
1214 2901 1415 2939 haereticos
1429 2915 1491 2939 seu
1506 2915 1819 2950 quorumcumque

183 2955 322 2992 ratione
338 2955 526 3000 pravitatis
541 2954 745 2990 haereticae
758 2955 954 2991 ordinatas.
