2220 3471
610 280 667 312 OP
699 280 759 312 DE
792 279 1034 313 STRAFFEN
1067 280 1160 312 DER
1188 275 1408 314 KETTERs'
1782 283 1822 316 97

189 376 363 433 ignibus
395 391 468 421 eos
501 377 808 422 tradiderunt»
834 375 862 420 ¹.
899 378 1020 420 Even
1053 377 1263 434 duidelijk
1297 381 1397 434 zegt
1430 378 1482 421 de
1506 377 1701 421 bekende
1724 379 1824 436 tijd-

189 452 348 505 genoot
369 449 595 493 Caesarius
613 462 697 492 van
717 448 1001 491 Heisterbach
1020 463 1123 491 over
1144 449 1335 492 ‹lezelfde
1353 450 1817 506 ketterverbranding:

199 538 216 560 «
240 520 335 572 Qui,
371 534 396 562 a
428 520 611 562 literatis
644 519 746 562 viris
782 520 1016 562 examinati
1052 524 1095 564 et
1125 520 1242 570 victi,
1283 521 1581 576 perjudicium
1604 524 1823 565 saeculare

190 590 382 633 damnati
407 594 523 634 sunt.
547 592 655 633 Data
678 604 779 633 vero
803 591 1022 634 sententia
1027 625 1191 641 .....
1214 591 1328 634 ducti
1347 595 1449 634 sunt
1467 594 1590 634 extra
1609 591 1826 635 civitatem

185 662 316 718 juxta
347 661 603 704 cimiterium
635 661 895 704 Judaeorum
930 662 1055 704 simul
1079 662 1120 703 in
1145 661 1286 717 ignem
1323 662 1441 704 missi
1460 680 1476 700 ι)
1503 660 1534 704 ².
1561 663 1658 718 Nog
1674 663 1830 719 stipter

185 735 302 775 ⁴stam
333 732 410 775 het
443 731 520 774 seit
552 735 595 775 te
625 731 735 774 boek
769 732 938 787 gesteld
971 732 1014 773 in
1048 732 1098 774 de
1133 733 1417 788 gelijktijdige
1452 732 1670 777 Chronica
1692 733 1831 777 brevis

195 803 466 849 Coloniensis
484 821 496 844 .·
531 820 548 842 α
567 802 647 851 Qui
669 816 695 844 a
716 803 830 844 clero
853 802 1074 859 dijudicati
1097 806 1140 845 et
1158 804 1528 855 anathematizati,
1552 818 1576 846 a
1592 804 1825 861 judicibus,

193 890 219 917 a
252 874 408 930 populo
442 873 628 917 civitatis
655 907 664 916 .
697 908 705 916 .
737 908 745 916 .
784 874 884 929 igne
917 874 1096 916 cremati
1129 878 1268 917 sunt»
1295 872 1325 917 ³.
1353 874 1475 918 Niets
1499 874 1614 918 belet
1646 889 1724 918 ons
1748 890 1830 919 aan

195 948 240 987 te
274 958 446 993 nemen,
484 943 696 986 alhoewel
730 943 782 985 de
816 943 1101 999 gelijktijdige
1134 943 1368 1000 schrijvers
1392 945 1485 986 zich
1509 946 1721 989 daarover
1743 948 1833 990 niet

194 1016 399 1072 duidelijk
427 1015 680 1070 uitspreken
698 1011 729 1065 ⁴,
758 1014 831 1057 dat
854 1014 905 1056 de
929 1015 1066 1057 zaken
1090 1015 1172 1057 ook
1196 1016 1319 1058 aldus
1343 1016 1427 1072 zijn
1460 1017 1649 1073 gebeurd
1672 1020 1832 1076 tijdens

194 1087 247 1129 de
279 1089 432 1142 groote
467 1085 931 1140 kettervervolgingen
965 1086 1008 1127 in
1042 1086 1337 1137 Vlaandemn,
1376 1087 1442 1129 die
1470 1089 1515 1131 in
1548 1088 1834 1132 1182-1183⁵

195 1156 332 1199 onder
354 1156 405 1199 de
429 1155 738 1211 eendrachtige
763 1169 814 1197 en
840 1156 1068 1210 krachtige
1102 1157 1457 1213 samenwerking
1480 1172 1563 1201 van
1590 1160 1671 1202 den
1695 1164 1835 1203 aarts-

196 1227 396 1282 bissohop
420 1241 506 1270 van
529 1228 676 1271 Reims
700 1241 752 1269 en
787 1241 870 1269 van
894 1227 974 1269 den
1000 1228 1292 1270 Vlaamschen
1318 1230 1447 1284 graaf
1461 1231 1626 1286 Philips
1649 1245 1733 1274 van
1753 1233 1835 1275 den

195 1299 321 1342 Elzas
353 1299 494 1355 plaats
528 1312 707 1354 grepen.
735 1299 817 1341 Ter
850 1298 970 1353 loops
1002 1299 1054 1355 zij
1091 1299 1186 1341 hier
1218 1301 1479 1356 aaiigestipt,
1509 1302 1581 1345 dat
1605 1303 1755 1346 alsdan
1784 1304 1835 1347 de

197 1370 412 1426 goederen
432 1370 508 1412 der
529 1370 698 1412 ketters
720 1384 806 1411 van
826 1369 1010 1412 Atrecht
1027 1373 1102 1412 ten
1128 1371 1355 1414 voordeele
1375 1386 1458 1415 van
1481 1372 1562 1416 den
1582 1374 1835 1432 kerkvoogd

197 1456 252 1484 en
275 1456 361 1485 van
385 1442 468 1485 den
489 1445 611 1485 vorst
629 1439 845 1484 verbeurd
868 1441 1045 1483 werden
1068 1442 1302 1485 verklaard
1321 1443 1349 1485 ⁶.

257 1514 306 1556 In
349 1513 401 1556 de
437 1513 605 1556 tweede
649 1512 758 1555 helft
802 1512 879 1554 der
926 1509 1018 1554 12ᾱθ
1056 1526 1179 1555 eeuw
1228 1515 1327 1569 gold
1372 1515 1494 1558 aldus
1534 1516 1661 1558 reeds
1699 1516 1743 1558 in
1787 1516 1838 1559 de

197 1584 605 1640 kettervervolging
637 1584 689 1626 de
726 1583 979 1638 verdeeling
1019 1597 1102 1626 van
1141 1584 1191 1627 de
1230 1585 1523 1642 handelingen
1558 1587 1635 1630 der
1668 1591 1840 1643 geeste-

198 1655 305 1712 lijke
338 1669 391 1698 en
428 1655 700 1712 wereldlijke
733 1655 952 1706 machten,
989 1655 1132 1698 zooals
1166 1655 1217 1712 zij
1254 1670 1371 1698 meer
1404 1657 1488 1700 dan
1530 1656 1621 1700 drie
1660 1672 1840 1701 eeuwen

199 1727 312 1770 later
342 1726 447 1769 door
479 1740 615 1769 onzen
649 1725 900 1769 Gentschen
934 1726 1284 1781 rechtsgeleerde
1324 1729 1488 1784 Philips
1524 1729 1722 1773 XVielant
1754 1733 1842 1773 met

200 1812 280 1841 een
313 1798 442 1841 enkel
479 1797 627 1840 woord
660 1797 704 1840 in
737 1797 849 1853 zijne
882 1794 1134 1854 Prccciijcke
1171 1793 1403 1842 C'riminele
1435 1798 1489 1856 (c.
1531 1800 1663 1857 1520)
1697 1800 1842 1843 wordt

200 1867 382 1924 bepaald
405 1883 413 1912 :

249 2091 260 2113 ¹
290 2091 407 2131 Pertz,
435 2092 689 2134 Monumenta,
714 2093 926 2136 Scriptores,
951 2093 1030 2127 dee]
1056 2093 1174 2133 XVII,
1195 2093 1262 2127 blz.
1281 2094 1365 2136 7783
1389 2093 1543 2137 Corpus,
1563 2094 1702 2128 blz.-12.

252 2144 266 2167 ²
296 2146 484 2181 Caesarius
510 2158 577 2181 van
612 2147 859 2187 Heisterbach,
891 2148 1073 2191 Dz'aloqas
1107 2148 1389 2189 miraculorum,
1424 2149 1480 2183 ed.
1511 2148 1676 2193 Strange,
1711 2149 1789 2184 deel
1816 2148 1845 2190 I,

211 2201 278 2235 blz.
296 2201 373 2242 298,
388 2201 452 2234 299
467 2213 476 2244 ς
493 2201 650 2246 Comum,
664 2202 728 2236 blz.
744 2203 800 2236 43.

254 2255 268 2276 ³
294 2255 515 2295 Hartzheim,
535 2256 699 2289 eoncilia
716 2255 952 2296 Germaniae,
969 2255 1048 2290 (1661
1062 2256 1126 2296 HI,
1142 2257 1210 2290 blz.
1228 2256 1292 2288 392
1307 2269 1315 2299 ς
1341 2257 1489 2300 Corpus,
1509 2257 1574 2291 blz.
1592 2257 1648 2290 40.

251 2309 266 2330 ⁴
295 2309 356 2343 Zie
380 2309 424 2344 de
447 2309 654 2345 uittreksels
677 2309 716 2343 in
741 2311 889 2353 Corpus,
915 2309 981 2343 blz.
1002 2310 1112 2344 47-ὖέ.
1138 2310 1179 2344 In
1206 2310 1289 2341 1172
1308 2321 1381 2343 was
1406 2314 1440 2344 te
1457 2311 1610 2345 Atreeht
1639 2322 1703 2346 een
1731 2311 1851 2347 ketter

209 2364 402 2406 verbrand,
423 2375 595 2399 waarvan
618 2364 661 2398 de
678 2365 842 2398 Annales
866 2364 1101 2398 Colonienses
1130 2367 1292 2398 maximi
1321 2364 1549 2408 integendeel
1577 2377 1735 2410 zeggen:
1764 2368 1851 2400 “Ex

211 2419 388 2453 mandato
413 2419 676 2462 archiepiscopi
703 2419 919 2463 [Remensis]
947 2419 1025 2462 igni
1050 2419 1205 2463 injectus
1229 2422 1281 2454 est
1306 2422 1341 2454 et
1366 2420 1573 2455 combustus
1597 2424 1689 2456 est.»
1715 2421 1850 2462 (pertz,

215 2475 470 2514 Mommiwzta,
488 2474 701 2518 Scriptores,
725 2474 803 2508 (1661
826 2474 943 2515 XVII,
970 2474 1038 2508 blz.
1063 2475 1150 2517 7843
1180 2476 1336 2518 Corpus,
1363 2475 1428 2508 blz.
1457 2475 1527 2515 45.)
1556 2475 1661 2510 Maar
1688 2487 1728 2510 er
1753 2476 1854 2510 dient

170 2572 173 2574 .
215 2529 429 2572 opgemerkt
445 2531 480 2562 te
497 2529 655 2563 worden.
675 2528 735 2562 dat
759 2527 817 2562 die
839 2528 959 2562 ketter
982 2539 1047 2562 een
1064 2527 1216 2571 priester
1233 2539 1306 2561 was
1328 2539 1372 2562 en
1389 2528 1568 2563 daardoor
1585 2540 1653 2563 aan
1671 2529 1714 2564 de
1729 2529 1853 2564 macht

215 2594 286 2617 van
302 2583 371 2617 den
387 2582 637 2625 wereldlijken
653 2594 731 2616 arm
749 2582 968 2617 onttrokken
985 2594 1070 2616 was.

262 2637 275 2659 ⁵
303 2638 359 2672 En
382 2637 541 2671 wellicht
564 2637 666 2671 reeds
689 2648 852 2680 vroeger.
878 2638 951 2678 (Zie
975 2638 1010 2671 J.
1035 2637 1262 2678 Frederichs,
1289 2637 1343 2669 De
1372 2638 1748 2683 kelimvervolyinyen
1781 2651 1855 2674 ταη

216 2692 366 2736 Philips
379 2703 448 2725 van
466 2691 535 2724 den
552 2693 678 2728 Eleas.
693 2691 731 2725 in
746 2691 807 2726 het
823 2690 1106 2725 Neclerlcmdscli
1122 2693 1303 2732 Muscam,
1325 2692 1419 2732 1890,
1437 2692 1474 2724 4⁰
1492 2693 1566 2732 afl.)

261 2747 276 2767 ὓ
305 2747 409 2781 Tunc
432 2746 622 2781 decretalis
646 2745 822 2780 sententia
845 2747 890 2780 ab
913 2745 1185 2789 archiepiscopo
1209 2750 1244 2780 et
1268 2746 1398 2780 comite
1415 2748 1572 2789 praefixa
1590 2750 1654 2790 est,
1672 2751 1711 2783 ut
1725 2749 1853 2793 depre-

216 2800 320 2836 hensi
345 2800 513 2835 incendio
536 2801 777 2841 traderentur,
803 2800 1001 2835 substantie
1025 2811 1108 2834 vero
1125 2811 1250 2834 eorum
1263 2801 1441 2835 sacerdoti
1467 2804 1500 2836 et
1517 2801 1674 2846 principi
1690 2804 1852 2848 resigna·

218 2858 359 2891 rentur.
386 2855 573 2899 (Siqz'berti
600 2856 840 2889 Continuatio
866 2856 1138 2900 Aquicinclina,
1160 2856 1207 2898 bij
1236 2855 1352 2898 Pertz,
1373 2857 1625 2900 Monumentct,
1643 2858 1856 2903 Scriptores,

219 2910 298 2946 decl
313 2910 373 2952 VI,
393 2910 458 2945 blz.
479 2910 540 2942 421
558 2923 566 2953 3
595 2910 748 2954 Corpus,
771 2911 836 2944 blz.
849 2910 919 2953 48.)

1646 2991 1666 2998 ›-
