2220 3471
352 216 408 248 106
678 215 968 248 WETGEVING
1001 214 1094 247 DER
1125 213 1460 247 WERELDLIJKE
1492 215 1652 247 MACHT

349 314 438 356 hun
460 312 578 357 ambt
602 326 654 355 en
680 326 747 355 om
771 313 857 355 hun
885 312 1156 367 omstandige
1191 313 1510 357 voci-Schriften
1550 314 1908 370 dienaangaande
1931 328 1983 370 op

346 388 389 428 te
412 385 584 440 leggen.
612 384 677 427 Na
700 383 931 426 verklaard
956 387 999 426 te
1023 383 1208 435 hebben,
1235 385 1307 427 dat
1331 385 1388 441 hij
1418 385 1493 428 het
1516 386 1762 442 wereldlijk
1785 385 1978 438 zwaard,

345 456 463 498 welk
486 455 585 497 hem
607 455 712 497 door
734 454 825 497 God
861 454 978 496 werd
1014 455 1357 503 toevertrouwd,
1397 455 1635 510 gebruiken
1660 457 1775 500 111061
1797 459 1862 499 tot
1887 470 1986 499 ver-

346 526 521 581 delging
539 525 615 567 der
638 525 841 582 vijanden
861 538 943 566 van
968 525 1042 567 1161
1063 525 1224 579 geloof,
1247 525 1397 568 zoodat
1417 526 1474 582 hij
1499 540 1546 568 ze
1567 526 1654 569 niet
1674 527 1828 582 langer
1851 527 1986 570 onder

345 596 396 637 de
421 595 631 637 leveuden
656 595 815 638 dulden
834 608 933 650 mag
951 597 979 646 ¹,
1018 595 1105 637 laat
1130 595 1188 651 hij
1216 609 1322 638 eene
1356 595 1556 651 boudige,
1599 596 1708 640 doch
1732 597 1982 640 verschrik-

347 666 507 722 kelijke
546 669 634 709 wet
672 667 846 722 volgen.
874 666 927 709 Al
952 665 1003 707 de
1025 665 1211 714 ketters,
1241 666 1346 708 (1001·
1380 667 1430 708 (16
1469 667 1590 710 Kerk
1614 667 1895 711 veroordeeld
1931 683 1982 712 en

348 737 512 780 daarna
544 750 628 779 aan
672 737 723 779 de
762 736 1035 793 wereldlijke
1073 737 1219 780 macht
1259 738 1546 792 uitgeleverd,
1595 742 1767 782 111061611
1806 742 1895 782 met,
1934 740 1984 783 de

347 807 662 865 gebruikelijke
687 807 801 850 straf
819 807 919 863 (den
945 807 1069 861 dood)
1093 808 1309 865 gekastijd
1347 809 1541 853 worden.
1580 810 1799 865 Degenen,
1837 811 1904 853 die
1923 812 1987 854 uit

345 893 471 921 vrees
509 892 615 920 voor
637 879 719 920 den
759 878 868 921 dood
890 881 958 921 101
981 878 1032 919 de
1055 879 1177 921 Kerk
1210 879 1519 934 terugkeeren‚
1559 882 1702 923 zullen
1730 882 1986 938 levenslang

346 949 590 1006 gekerkerd
616 949 773 1006 blijven
792 962 860 991 om
879 963 926 991 er
945 962 1049 992 over
1063 950 1211 992 hunne
1229 950 1395 992 zonden
1416 950 1541 994 boete
1565 956 1608 994 te
1626 951 1805 995 kunnen
1825 953 1934 996 doen
1951 953 1980 995 ².

347 1024 405 1064 De
428 1022 614 1072 ketters,
652 1021 786 1063 nadat
821 1020 875 1077 zij
921 1020 1027 1062 door
1065 1020 1116 1062 de
1157 1021 1395 1078 pauselijke
1431 1022 1711 1077 inquisiteurs
1750 1023 1799 1065 of
1825 1024 1986 1066 audere

345 1093 557 1136 vrienden
581 1106 667 1135 van
690 1093 719 1134 ’t
737 1105 857 1134 ware
890 1091 1037 1147 geloof
1064 1092 1248 1134 ontdekt
1271 1092 1465 1144 werden,
1510 1097 1678 1135 moeten
1714 1108 1766 1149 op
1800 1095 1982 1138 verzoek

343 1165 419 1207 der
440 1165 799 1207 kettermeesters
823 1163 929 1206 door
951 1163 1002 1205 de
1026 1163 1296 1219 wereldlijke
1321 1164 1465 1206 macht
1496 1169 1626 1219 gevat
1665 1178 1715 1206 eu
1742 1166 1783 1207 iu
1809 1170 1987 1222 strenge

344 1235 572 1291 bewaring
604 1235 833 1290 gehouden
867 1233 1062 1285 worden,
1090 1236 1154 1276 tot
1187 1234 1262 1277 dat
1295 1235 1346 1292 zij
1374 1249 1429 1277 na
1462 1236 1612 1278 hunne
1654 1237 1986 1292 veroordeeliug

346 1307 451 1348 door
483 1306 536 1348 de
578 1305 699 1348 Kerk
744 1305 827 1348 den
866 1305 975 1347 dood
1015 1305 1316 1361 ondergaaiffl.
1345 1306 1541 1348 Dezelfde
1576 1307 1690 1349 straf
1730 1308 1796 1350 zal
1837 1309 1986 1351 hunne

347 1377 653 1434 begunstigers
696 1391 748 1419 en
785 1377 837 1419 de
869 1376 1103 1432 gevluchte
1135 1377 1474 1420 veroordeelden
1510 1377 1662 1420 treffen
1705 1379 1894 1422 alsmede
1935 1379 1986 1422 de

346 1449 532 1500 ketters,
581 1447 648 1490 die
687 1447 751 1490 uit
782 1460 908 1489 vrees
946 1460 1053 1488 voor
1097 1447 1178 1488 den
1215 1447 1322 1489 dood
1356 1447 1446 1490 hun
1481 1448 1687 1504 ongeloof
1705 1448 1985 1504 afgezworen

344 1518 530 1571 hebben,
557 1532 678 1561 maar
701 1518 767 1561 die
790 1517 1045 1561 naderhand
1078 1518 1122 1560 in
1147 1518 1294 1561 huune
1318 1519 1522 1573 dolingen
1546 1519 1773 1562 hervallen
1798 1521 1899 1578 zijn.
1923 1521 1985 1576 Op

343 1591 445 1634 deze
464 1590 699 1634 vonnissen
719 1591 753 1632 is
772 1603 880 1646 geen
904 1589 1063 1645 beroep
1086 1590 1352 1645 toegelaten‚
1381 1590 1510 1645 opdat
1535 1591 1586 1633 de
1609 1591 1864 1635 kettersche
1889 1595 1988 1647 pest

342 1791 516 1833 scultetis,
533 1791 754 1836 burgraviis,
773 1791 969 1833 advocatis,
982 1791 1182 1836 judicibus,
1202 1790 1519 1832 ministerialibus,
1540 1789 1756 1825 officialibus
1771 1792 1807 1825 et
1822 1790 1989 1825 omnibus

342 1858 406 1889 per
428 1849 544 1881 totum
562 1846 757 1890 imperium
773 1846 1006 1887 constitutis„
1026 1849 1231 1890 praesentes
1247 1846 1371 1881 literas
1389 1845 1607 1889 inspectm‘is
1620 1845 1787 1880 fidelibus
1803 1845 1891 1888 suis,
1907 1856 1988 1889 gra-

342 1900 432 1935 tiam
445 1912 546 1936 suam
561 1903 596 1936 et
613 1913 718 1935 omne
732 1902 881 1935 bonum.

390 1956 400 1977 ¹
433 1956 619 1990 Commissi
648 1956 752 1990 nobis
780 1956 930 1991 coelitus
958 1967 1047 1990 cura
1075 1955 1267 2000 regiminis
1293 1957 1327 1990 et
1355 1955 1567 1999 imperialis,
1587 1955 1660 1996 cui,
1689 1955 1797 1990 dante
1821 1955 1989 1998 Domino,

344 2010 602 2053 praesidemus,
620 2011 807 2055 fastigium
826 2010 1017 2055 dignitatis
1033 2010 1274 2051 materialem,
1293 2022 1365 2053 quo
1379 2010 1523 2044 divisim
1536 2021 1558 2044 a
1570 2010 1771 2045 sacerdotio
1787 2010 1989 2054 fungimur,

343 2065 506 2109 gladium
538 2066 710 2100 adversus
736 2065 855 2100 hostes
880 2066 963 2100 fidei
987 2069 1023 2101 et
1047 2066 1085 2100 in
1115 2065 1372 2100 exterminium
1399 2065 1606 2100 haereticae
1627 2065 1818 2109 pravitatis
1840 2065 1992 2108 exigunt

343 2120 596 2161 exercendum,
627 2123 665 2155 111
698 2120 869 2164 perfidiae
897 2121 1061 2164 vipereos
1091 2121 1184 2155 filios
1209 2123 1336 2155 contra
1365 2121 1480 2155 Deum
1507 2123 1541 2155 61
1565 2120 1752 2155 ecclesiam
1778 2120 1992 2154 insultantes

344 2178 517 2218 tanquam
542 2175 698 2210 materni
726 2175 819 2209 uteri
845 2187 1050 2210 corrosores
1075 2175 1113 2209 in
1133 2175 1275 2219 judicio
1299 2178 1335 2210 et
1354 2175 1505 2219 justicia
1522 2186 1791 2218 persequamur,
1810 2175 1993 2209 maleficos

346 2229 468 2263 vivere
484 2241 556 2263 non
574 2229 726 2273 passuri.

389 2284 403 2305 ἓ
434 2284 634 2318 statuimus
657 2285 779 2327 itaque
807 2284 1020 2324 sancienteS,
1047 2287 1088 2319 ut
1117 2284 1306 2325 haeretici,
1340 2295 1557 2327 quocunque
1588 2283 1734 2318 nomine
1765 2286 1991 2324 censeantur,

347 2339 566 2382 ubicumque
590 2350 655 2382 per
676 2339 870 2382 imperium
906 2338 1068 2373 damnati
1092 2338 1230 2374 fuerint
1253 2340 1298 2373 ab
1325 2338 1477 2373 ecclesia
1501 2342 1536 2373 et
1559 2339 1713 2373 seculari
1733 2338 1874 2381 judicio
1902 2338 1993 2372 assi-

348 2394 464 2439 gnati.
483 2393 796 2428 animadversione
828 2395 948 2428 debita
981 2394 1194 2437 puniantur.
1229 2394 1266 2428 Si
1299 2395 1360 2437 qui
1387 2405 1472 2428 vero
1504 2395 1547 2428 de
1579 2393 1784 2437 praedictis,
1805 2396 1993 2437 postquam

344 2447 479 2482 fuerint
504 2446 730 2488 deprehensi,
755 2446 873 2481 territi
897 2449 995 2480 metu
1021 2447 1148 2481 mortis
1174 2446 1292 2481 redire
1312 2446 1494 2480 voluerint
1507 2446 1552 2480 ad
1570 2446 1652 2479 fidei
1677 2446 1866 2486 unitatem,
1887 2447 1995 2490 juxta

346 2501 538 2535 canonicas
562 2502 765 2536 sanctiones
792 2501 838 2535 ad
867 2502 1048 2545 agendum
1075 2501 1334 2544 poenitentiam
1362 2501 1399 2534 in
1428 2503 1641 2544 perpetuum
1663 2511 1845 2534 carcerem
1872 2500 1993 2534 detru-

343 2557 486 2590 dantur.

395 2611 409 2631 ³
443 2611 636 2644 Praeterea
661 2610 867 2654 quicunque
893 2609 1067 2645 haeretici
1084 2610 1217 2653 reperti
1236 2610 1371 2644 fuerint¹
1387 2609 1424 2643 in
1442 2609 1661 2650 civitatibus,
1680 2608 1820 2652 oppidis
1835 2619 1897 2643 seu
1915 2608 1996 2642 aliis

353 2664 442 2699 locis
466 2665 609 2708 imperii
636 2677 699 2708 per
722 2665 998 2708 inquisitoribus
1023 2665 1067 2698 ab
1093 2665 1288 2708 apostolica
1307 2665 1388 2698 sede
1405 2665 1505 2698 datos
1521 2668 1555 2698 01
1569 2664 1658 2699 alios
1674 2663 1896 2697 orthodoxae
1912 2662 1997 2697 fidei

350 2720 534 2760 zelatores,
561 2720 612 2759 111,
639 2719 698 2763 qui
719 2719 1014 2763 jurisdictionem
1040 2719 1173 2753 ibidem
1199 2719 1407 2759 habuerint,
1433 2719 1478 2752 ad
1502 2717 1758 2761 inquisitorum
1783 2721 1815 2751 01
1839 2717 1996 2751 aliorum

354 2773 615 2809 catholicorum
640 2774 801 2808 virorum
828 2774 1121 2815 insinuationem,
1148 2786 1207 2808 cos
1236 2785 1364 2817 capere
1389 2776 1580 2808 tencantur
1597 2776 1631 2807 et
1647 2784 1706 2807 eos
1723 2775 1845 2815 captos
1861 2771 1998 2805 arctius

351 2829 547 2872 custodire,
564 2829 677 2863 donoc
691 2840 756 2872 per
769 2840 957 2863 censuram
973 2828 1250 2863 ecclesiasticam
1266 2830 1453 2863 damnatos
1465 2827 1662 2862 damnabili
1677 2836 1791 2861 morte
1805 2826 1995 2870 perimant,

346 2883 406 2926 qui
432 2884 518 2918 fidei
533 2887 759 2919 sacramenta
778 2887 811 2918 01
827 2884 923 2919 vitae
940 2884 1172 2918 damnabant.
