2220 3471
563 293 717 327 TEGEN
749 295 808 326 DE
845 294 1246 327 NEDERLANDSCHE
1278 295 1487 328 KETTERS
1785 297 1843 330 107

208 388 272 431 uit
295 388 370 431 het
393 388 599 431 Duitsche
623 389 725 447 Rijk
757 391 999 448 verdwiJne
1020 395 1047 433 ¹.
1077 391 1326 447 Aangezien
1364 392 1416 434 de
1439 392 1650 435 kinderen
1675 407 1758 436 van
1792 394 1843 435 de

207 459 443 504 schenders
463 460 540 502 der
554 461 806 518 keizerlijke
820 463 1035 519 majesteit
1055 463 1097 504 in
1116 463 1167 505 de
1187 463 1303 505 straf
1314 463 1487 506 hunner
1499 464 1653 506 ouders
1670 464 1837 514 deelen,

207 533 378 573 moeten
412 533 586 574 zooveel
624 534 667 574 te
691 546 809 574 meer
841 533 892 575 de
928 534 1262 589 nakomelingen
1297 548 1381 576 van
1416 535 1467 577 de
1500 534 1734 577 sehenders
1768 535 1844 577 der

207 603 452 659 goddelijke
487 602 704 658 majesteit
727 604 913 658 gestraft
954 605 1153 655 worden;
1183 605 1264 647 ook
1306 606 1447 648 zullen
1489 606 1541 662 zij
1583 609 1647 648 tot
1685 606 1728 647 in
1771 606 1846 649 het

207 672 378 716 tweede
397 673 592 728 geslacht
613 673 674 715 uit
693 674 775 716 alle
788 674 1002 729 openbare
1020 674 1196 718 ambten
1215 689 1268 717 en
1289 676 1625 731 waardigheden
1646 677 1843 731 gesloten

206 743 390 801 blijven;
418 743 571 800 hierbij
598 748 719 799 roept
755 745 805 786 de
838 746 982 788 keizer
1014 746 1141 788 God’s
1177 747 1301 802 eigen
1337 747 1567 789 voorbeeld
1591 748 1648 797 in,
1693 748 1759 790 die
1793 748 1843 790 de

206 815 359 858 schuld
402 815 479 856 der
516 815 671 857 ouders
706 829 757 869 op
801 816 852 857 de
896 817 1110 859 kinderen
1153 818 1325 860 wreekt
1343 819 1370 859 ⁶².
1401 817 1664 873 Vergiffenis
1702 819 1846 860 werdt

205 885 479 942 integendeel
504 886 784 941 gesehonken
809 900 892 928 aan
913 887 965 929 de
991 888 1345 944 reehtgeloovige
1368 889 1597 939 kinderen,
1625 890 1691 932 die
1725 891 1845 932 zelve

206 957 355 998 hunne
373 956 622 999 kettersche
640 957 799 999 ouders
820 959 1121 1014 aangeklaagd
1140 959 1306 1001 hebben
1326 960 1334 1002 !
1358 965 1371 986 ³
1393 958 1607 1016 Eindelijk
1628 964 1771 1003 neemt
1795 961 1846 1003 de

205 1027 352 1069 keizer
373 1028 414 1070 al
439 1028 489 1070 de
513 1028 1052 1083 predikheerenbroeders‚
1079 1030 1145 1072 die
1171 1031 1210 1072 in
1238 1032 1314 1073 het
1338 1031 1542 1073 Duitsohe
1560 1032 1662 1088 Rijk
1686 1034 1752 1074 tot
1775 1032 1847 1075 het

206 1098 419 1140 uitroeien
444 1097 520 1139 der
538 1096 712 1153 ketterij
741 1097 845 1139 door
869 1097 949 1139 den
975 1112 1080 1153 paus
1105 1099 1327 1153 gezonden
1350 1100 1544 1150 werden,
1569 1101 1743 1142 evenals
1763 1101 1846 1142 alle

206 1169 366 1211 andere
404 1168 765 1211 kettermeesters
809 1171 895 1210 met
930 1169 971 1211 al
1005 1169 1153 1211 hunne
1192 1171 1518 1213 medewerkers
1558 1171 1692 1212 onder
1734 1172 1846 1227 zijne

205 1239 523 1296 bescherming,
548 1253 600 1281 en
626 1239 683 1295 hij
709 1239 883 1282 beveelt
918 1254 999 1282 33η
1026 1241 1109 1282 311θ
1135 1242 1419 1297 geestelijken
1447 1256 1498 1283 en
1523 1243 1843 1299 wereldlijken,

204 1310 276 1353 dat
300 1312 352 1367 zij
374 1311 459 1353 hen
484 1310 592 1366 goed
616 1311 758 1353 zullen
784 1311 993 1353 onthalen
1019 1325 1071 1353 en
1095 1312 1299 1367 kraehtig
1323 1313 1465 1355 zullen
1486 1312 1768 1355 besehermen
1793 1327 1846 1355 en

204 1383 362 1438 helpen
386 1382 431 1424 in
469 1383 519 1424 de
542 1381 811 1437 uitoefening
834 1395 920 1424 van
956 1383 1046 1424 hun
1071 1383 1357 1438 Godgevallig
1380 1383 1497 1426 ambt
1515 1389 1544 1426 ⁴.
1574 1386 1657 1426 Zoo
1681 1384 1846 1426 doende

203 1454 348 1496 znllen
374 1454 425 1509 zij
465 1453 557 1496 God
593 1467 646 1495 en
672 1453 753 1495 den
778 1452 924 1494 keizer
957 1452 1181 1508 behagem
1220 1454 1271 1496 de
1306 1455 1528 1510 nalatigen
1569 1455 1846 1510 integendeel

203 1525 346 1567 zullen
371 1523 476 1567 νόόΡ
499 1524 591 1567 God
616 1537 668 1566 en
694 1524 776 1566 den
800 1523 951 1565 keizer
973 1524 1156 1580 plichtig
1179 1524 1360 1581 blijven.
1400 1527 1476 1567 Zes
1493 1526 1622 1582 jaren
1648 1527 1773 1577 later,
1802 1527 1846 1568 in

208 1596 335 1646 1238,
359 1595 596 1638 herhaalde
614 1594 823 1637 Frederik
837 1595 878 1636 II
896 1594 999 1636 deze
1017 1595 1410 1652 verschrikkelijke
1428 1600 1516 1639 wet
1529 1600 1593 1640 tot
1617 1597 1845 1640 tweemaal

203 1670 273 1709 toe
295 1666 397 1723 (den
425 1666 479 1710 14
500 1666 586 1708 Mei
608 1669 652 1709 te
670 1665 884 1709 Cremona
903 1679 955 1708 en
982 1666 1065 1707 den
1089 1666 1147 1708 26
1169 1666 1272 1709 Juni
1296 1670 1338 1709 te
1363 1668 1559 1720 Verona)

263 1738 379 1781 Doch
397 1738 448 1780 de
471 1737 725 1794 keizerlijke
748 1738 999 1792 wetgeving
1025 1737 1110 1779 had
1129 1737 1243 1780 haar
1276 1740 1463 1793 toppunt
1486 1752 1569 1780 van
1595 1738 1847 1781 wreedheid

201 1822 288 1864 nog
305 1809 398 1851 niet
420 1809 604 1852 bereikt.
628 1810 678 1851 In
704 1822 781 1851 een
807 1808 938 1850 derde
964 1808 1076 1851 edict
1095 1811 1126 1860 ⁶,
1150 1812 1193 1852 te
1216 1809 1429 1852 Cremona
1452 1823 1503 1865 op
1532 1810 1586 1852 14
1608 1810 1693 1851 Mei
1716 1810 1843 1861 1238,

201 1883 245 1922 te
268 1880 403 1936 gelijk
425 1884 511 1924 met
545 1880 595 1923 de
625 1880 860 1934 herhaling
902 1893 987 1921 van
1012 1879 1126 1935 zijne
1165 1879 1334 1922 tweede
1367 1884 1471 1932 wet,
1497 1881 1844 1937 uitgevaardigd,

201 1951 483 2008 verscherpte
505 1951 716 1994 Frederik
739 1951 776 1993 ΙΙ
796 1952 911 2008 zijne
938 1951 1080 1993 steeds
1116 1953 1344 2006 strengere
1369 1952 1704 1996 voorschriften.
1722 1954 1771 1995 In
1797 1954 1849 1997 de

201 2021 509 2078 breedvoerige
528 2023 740 2078 inleiding
759 2023 872 2065 slaat
890 2022 949 2078 hij
973 2021 1126 2077 geheel
1148 2035 1201 2063 en
1221 2023 1261 2063 31
1281 2022 1363 2064 (1θη
1382 2023 1630 2078 plechtigen
1650 2026 1752 2066 toon
1773 2024 1849 2066 der

248 2238 259 2260 ¹
290 2238 460 2274 Volentes
477 2240 517 2273 ut
533 2238 666 2272 finibus
683 2237 845 2282 imperii,
863 2238 902 2273 in
928 2238 1058 2282 quibus
1076 2250 1216 2283 semper
1236 2239 1339 2274 debet
1357 2239 1509 2274 existere
1527 2239 1598 2274 fida
1615 2240 1714 2282 fides,
1729 2240 1850 2275 haere·

200 2292 294 2328 tieae
309 2293 401 2328 labis
417 2293 606 2337 genimina
618 2293 734 2327 modis
748 2293 914 2328 omnibus
931 2294 1131 2328 deleantur.

246 2348 260 2370 ²
289 2348 501 2383 Eorundem·
519 2347 799 2386 haereticorum,
824 2351 1104 2392 receptatorum,
1135 2349 1318 2383 fautorum
1348 2351 1382 2383 et
1412 2349 1669 2383 advocatorum
1700 2361 1848 2383 suorum

199 2402 372 2437 haeredes
398 2407 432 2436 et
456 2405 615 2446 posteros
642 2414 755 2445 usque
780 2403 824 2437 ad
842 2404 1035 2437 secundam
1054 2403 1264 2447 progeniem
1285 2403 1469 2437 beneficiis
1487 2403 1626 2438 cunctis
1642 2403 1848 2447 temporali-

200 2458 278 2498 bus,
309 2457 464 2500 publicis
490 2458 618 2492 offieiis
643 2460 677 2492 et
701 2458 901 2492 honoribus
925 2457 1109 2501 imperiali
1135 2458 1351 2492 anctoritate
1378 2457 1571 2500 privantes,
1592 2461 1631 2492 ut
1652 2457 1690 2492 in
1707 2458 1848 2501 paterni

200 2511 378 2546 memoria
404 2512 567 2546 criminis
591 2512 763 2546 continno
788 2523 952 2547 moerore
976 2513 1185 2554 tabescant3
1213 2524 1295 2546 vere
1321 2512 1471 2546 scientes
1497 2513 1592 2555 quod
1610 2512 1705 2546 Deus
1721 2514 1849 2548 zelotes

201 2570 253 2600 est
272 2569 308 2601 et
321 2569 469 2609 peccata
487 2570 630 2610 patrum
648 2566 686 2600 in
703 2566 796 2601 filios
810 2570 974 2610 potenter
992 2567 1181 2601 ulciscens.

247 2621 260 2641 ⁵
289 2622 364 2655 Nec
379 2621 522 2665 quidem
538 2633 558 2655 3
572 2621 842 2655 misericordiae
860 2621 990 2655 finibus
1004 2621 1172 2655 duximus
1190 2622 1466 2661 excludendum,
1487 2625 1534 2661 ut,
1558 2621 1586 2655 si
1601 2621 1661 2664 qui
1676 2625 1847 2665 paternae

200 2674 358 2709 haeresis
382 2686 454 2709 nvn
478 2686 645 2718 sequaces
663 2676 833 2709 latentem
851 2678 994 2718 patrum
1013 2676 1201 2718 perfidiam
1222 2675 1473 2715 revelaverint,
1493 2687 1708 2718 quacunque
1727 2678 1847 2710 reatus

198 2729 348 2763 illorum
384 2730 719 2764 adnimadversione
744 2730 960 2773 plectantur,
986 2730 1192 2773 praedictae
1219 2729 1398 2773 punitioni
1428 2742 1500 2764 non
1525 2731 1710 2773 subjaceat
1743 2730 1845 2764 inno-

199 2782 319 2817 centia
336 2784 507 2818 filiorum.

245 2838 260 2860 ⁴
290 2838 364 2872 Pro
381 2841 454 2872 tam
471 2838 626 2881 accc-ptis
644 2850 765 2872 voram
783 2839 857 2872 Deo
877 2838 1030 2882 negotiis
1048 2839 1275 2882 exequendis.

247 2892 261 2913 5
289 2893 408 2933 Pertz‚
441 2894 692 2931 Monumenta,
722 2894 847 2937 Leve&
876 2894 954 2928 deel
986 2895 1029 2931 11.
1059 2895 1126 2928 blz.
1149 2894 1225 2934 326,
1253 2895 1341 2934 3272
1370 2896 1522 2939 Corpus,
1542 2896 1607 2930 blz.
1629 2896 1689 2927 107
1706 2906 1750 2929 θη
1770 2896 1843 2929 110.

250 2947 263 2968 ‘⁵
292 2947 396 2988 lbid„
416 2947 493 2982 (leel
510 2948 556 2988 II,
575 2948 642 2982 blz.
659 2948 744 2991 3973
766 2948 916 2993 Corpus,
935 2949 1001 2983 blz.
1019 2949 1093 2990 108,
1114 2949 1187 2981 100.
