2220 3471
343 216 384 249 90
826 213 1072 245 DRUKKING
1104 213 1198 244 VAN
1231 213 1290 245 DE
1322 213 1455 245 KERK

345 313 526 356 aliorum
560 312 752 354 locorum
779 312 907 368 juxta
941 311 1318 354 commonitionem
1353 309 1775 365 archiepiscoporum
1809 313 1852 354 et
1879 310 1990 367 epis-

344 397 545 438 coporum
590 382 801 438 praestito
846 383 1131 438 corporaliter
1173 383 1423 439 juramento
1467 381 1742 436 promittant,
1788 382 1899 436 quod
1947 383 1989 425 in

342 453 540 496 omnibus
558 453 792 509 praedictis
811 453 984 496 fortiter
1005 459 1047 496 et
1066 453 1311 502 efficaciter,
1329 466 1423 495 cum
1442 451 1495 494 ab
1514 452 1575 494 eis
1593 451 1755 495 fuerint
1770 453 1984 507 requisiti,

342 525 564 567 ecclesiam
598 528 750 567 contra
788 525 1034 567 haereticos
1082 529 1125 567 et
1168 538 1317 566 eorum
1360 523 1588 578 complices
1632 522 1902 580 adjuvabunt
1945 527 1990 566 et

341 596 579 640 studebunt
617 595 730 638 bona
770 596 850 638 fide
884 597 1012 653 juxta
1053 595 1237 638 officium
1277 598 1321 638 et
1365 608 1490 650 posse
1530 608 1654 637 suum
1697 595 1990 638 ecclesiastica

340 667 539 709 similiter
572 670 613 709 et
648 667 886 722 imperialia
919 670 1099 716 statuta,
1138 667 1253 708 circa
1287 679 1336 707 ea
1369 678 1477 720 quae
1511 665 1711 715 diximus,
1746 666 1989 708 executioni

340 737 562 780 mandare.
599 736 641 779 Si
675 751 778 779 vero
813 737 852 779 id
887 736 1119 779 observare
1154 737 1387 785 noluerint,
1434 736 1599 778 honore
1631 749 1756 790 quem
1790 735 1988 780 obtinent

339 808 583 862 spolientur
620 811 664 850 et
702 807 753 849 ad
795 808 903 850 alios
942 808 1194 850 nullatenus
1233 810 1528 857 assumantur,
1576 807 1638 848 eis
1673 807 1807 849 nihilo
1846 808 1988 850 minus

338 879 784 921 excommunicatione
818 879 1005 934 ligandis
1038 882 1080 921 et
1115 878 1244 921 terris
1278 879 1469 933 ipsorum
1510 878 1740 920 interdicto
1782 878 1987 921 ecclesiae

337 949 648 1004 supponendis.
677 949 841 992 Civitas
864 954 1027 1000 autem,
1055 962 1164 1004 quae
1189 949 1257 991 his
1277 948 1566 992 decretalibus
1584 949 1794 991 institutis
1815 949 1988 993 duxerit

337 1021 629 1063 resistendum
665 1022 731 1063 vel
766 1023 919 1064 contra
951 1020 1332 1063 commonitionem
1357 1020 1541 1075 episcopi
1567 1020 1721 1075 punire
1744 1022 1986 1076 neglexerit

336 1092 609 1142 resistentes,
648 1092 833 1134 aliarum
867 1095 1013 1135 careat
1049 1092 1304 1134 commercio
1337 1091 1563 1134 civitatum
1598 1093 1642 1133 et
1674 1092 1905 1147 episcopali
1938 1107 1984 1136 se

336 1163 506 1205 noverit
531 1162 746 1218 dignitate
770 1163 1042 1219 privandam.
1066 1180 1083 1201 »

397 1235 454 1276 De
477 1248 584 1289 paus
619 1235 780 1289 plaatst
804 1234 1008 1276 hierdoor
1032 1233 1083 1275 de
1107 1233 1377 1289 wereldlijke
1399 1233 1550 1275 macht
1571 1232 1706 1275 onder
1729 1232 1780 1275 de
1803 1232 1984 1277 bevelen

335 1305 412 1347 der
443 1304 807 1361 bisschoppelijke
847 1305 1088 1361 Inquisitie.
1130 1305 1322 1355 Graven,
1366 1303 1601 1355 baroenen,
1645 1304 1890 1359 schepenen
1928 1319 1983 1348 en

334 1376 496 1419 andere
522 1377 779 1431 regeerders
805 1383 975 1419 moeten
997 1390 1101 1418 eene
1119 1375 1264 1418 blinde
1282 1375 1671 1431 gehoorzaamheid
1690 1389 1772 1417 aan
1792 1376 1843 1418 de
1861 1377 1984 1420 Kerk

334 1458 439 1487 voor
465 1445 519 1487 de
544 1444 954 1501 kettervervolging
978 1444 1112 1487 onder
1135 1445 1238 1487 eede
1262 1444 1458 1486 beloven.
1496 1444 1556 1486 De
1589 1444 1982 1500 wederspannigen

333 1517 470 1559 onder
504 1518 590 1560 hen
625 1518 768 1560 zullen
803 1531 886 1560 van
922 1518 1070 1560 hunne
1093 1515 1267 1560 ambten
1292 1516 1467 1559 beroofd
1494 1515 1670 1558 worden
1696 1529 1751 1558 en
1775 1530 1822 1558 er
1846 1531 1983 1573 geene

332 1589 497 1631 andere
522 1604 640 1632 meer
663 1603 818 1645 mogen
841 1588 1096 1632 bekleeden.
1125 1587 1347 1631 Banvloek
1371 1588 1437 1630 zal
1462 1588 1545 1630 hen
1571 1588 1722 1630 zelven
1747 1587 1902 1631 treffen
1926 1603 1981 1632 en

331 1659 540 1704 interdict
564 1661 713 1703 hunne
736 1664 978 1717 gewesten.
1015 1660 1106 1704 Ook
1130 1660 1181 1702 de
1204 1660 1396 1716 gansche
1429 1662 1673 1715 gemeente‚
1712 1660 1780 1702 die
1813 1674 1896 1702 aan
1931 1661 1982 1703 de

331 1737 547 1786 roepstem
580 1732 659 1775 der
692 1731 978 1788 bissohoppen
1014 1732 1057 1774 in
1091 1731 1199 1774 zake
1233 1745 1316 1773 van
1345 1731 1757 1787 kettervervolging
1780 1731 1884 1773 doof
1903 1745 1981 1775 zou

331 1799 509 1858 blijVen,
547 1803 613 1845 zal
649 1817 732 1845 van
768 1803 851 1845 alle
886 1803 1072 1845 verkeer
1105 1806 1192 1845 met
1226 1802 1277 1844 de
1310 1802 1484 1857 overige
1518 1801 1683 1844 wereld
1716 1802 1981 1858 uitgesloten

330 1886 385 1914 en
417 1887 501 1915 van
535 1873 674 1916 haren
711 1873 912 1929 bisschop
946 1873 1121 1916 beroofd
1156 1873 1348 1915 worden.
1388 1872 1575 1915 Terecht
1604 1873 1782 1915 schreef
1799 1873 1850 1915 de
1873 1887 1980 1928 paus

330 1956 412 1986 aan
439 1944 469 1986 ’t
492 1944 621 1987 hoofd
646 1945 774 1987 dezer
798 1945 1149 2000 verordeningen
1192 1959 1275 1987 van
1303 1945 1493 1995 Verona,
1531 1944 1604 1986 dat
1628 1944 1679 1986 de
1702 1943 1980 2000 verbreiding

330 2014 407 2057 der
424 2015 600 2072 ketterij
623 2017 698 2059 het
719 2017 1009 2072 krachtdadig
1027 2016 1235 2072 optreden
1255 2016 1332 2058 der
1348 2016 1469 2058 Kerk
1489 2016 1634 2075 (viqor
1652 2016 1982 2072 ecclesiasticus)

329 2087 562 2143 opwekte;
593 2102 702 2144 geen
729 2088 984 2144 krachtiger
1005 2089 1118 2131 noch
1141 2087 1436 2143 omstandiger
1458 2088 1557 2130 stuk
1582 2086 1751 2130 hebben
1776 2087 1848 2144 wij
1876 2085 1982 2131 νόὁῐ·

332 2158 447 2202 1184
470 2159 792 2215 aangetroffen.

389 2231 438 2274 In
475 2231 526 2273 de
560 2233 776 2288 volgende
804 2233 933 2289 jaren
967 2231 1147 2274 werden
1171 2230 1326 2273 enkele
1350 2230 1442 2273 dier
1466 2229 1724 2286 bepalingen
1749 2243 1800 2285 op
1819 2229 1981 2273 andere

330 2303 541 2345 concilien
577 2303 820 2346 herhaald:
863 2303 988 2345 aldus
1021 2306 1065 2345 te
1098 2302 1378 2357 Montpellier
1415 2301 1459 2343 in
1497 2302 1611 2344 1195
1649 2301 1888 2344 herhaalde
1927 2301 1979 2345 de

328 2374 574 2431 pauselijke
598 2375 745 2430 legaat
767 2389 947 2417 namens
971 2374 1213 2417 Celestinus
1230 2374 1291 2415 III
1314 2374 1364 2416 de
1388 2386 1566 2417 canones
1589 2387 1670 2415 van
1695 2374 1770 2416 het
1794 2387 1979 2429 vroeger

329 2444 509 2486 concilie
544 2445 587 2487 in
628 2446 741 2487 1162
775 2446 924 2487 aldaar
956 2445 1061 2487 door
1082 2445 1362 2487 Innocentius
1381 2445 1441 2487 III
1465 2445 1709 2500 gehouden‚
1738 2445 1887 2488 alsook
1910 2445 1978 2488 die

330 2528 411 2557 van
441 2516 518 2559 het
540 2516 672 2558 derde
696 2516 992 2559 Lateraansch
1019 2516 1198 2558 concilie
1223 2529 1305 2558 van
1334 2516 1447 2558 1179
1469 2519 1477 2541 ¹
1502 2529 1511 2567 ;
1539 2517 1581 2558 in
1610 2516 1726 2559 1198
1749 2529 1849 2558 nam
1871 2530 1978 2571 paus

327 2586 615 2630 Innocentius
633 2588 693 2629 III
713 2587 795 2630 ook
816 2587 1055 2643 dergelijke
1074 2587 1371 2642 maatregelen
1396 2601 1448 2629 611
1468 2586 1756 2630 schreefzelfs
1780 2586 1832 2629 de
1849 2587 1978 2629 dood-

329 2658 451 2700 straf
470 2666 594 2715 tegen
623 2659 675 2701 de
693 2660 1054 2716 wederspannige
1079 2659 1246 2702 ketters
1291 2672 1392 2701 voor
1429 2663 1583 2715 (morte
1620 2656 1938 2716 ιζβῐσθνεηίίιν)2
1963 2673 1973 2711 ;

376 2838 385 2858 ¹
423 2837 555 2877 Mansi,
574 2838 651 2871 dee]
670 2837 793 2879 XXII,
812 2838 877 2872 blz.
896 2839 961 2871 668
977 2852 984 2879 ;
1006 2839 1163 2882 (lov-pm,
1181 2839 1259 2873 deel
1276 2839 1304 2880 Ι,
1322 2839 1375 2871 59.

375 2893 388 2914 Ξ
421 2892 644 2934 Raynaldus,
670 2893 835 2926 Annales
861 2894 1105 2932 ecclesiastici,
1132 2894 1209 2928 deel
1228 2894 1329 2936 XIII,
1355 2894 1420 2928 blz.
1450 2894 1562 2936 11‚ad
1576 2905 1711 2929 annum
1738 2895 1835 2936 1198,
1854 2899 1892 2929 n‘
1908 2894 1975 2935 373

333 2947 490 2989 Corpus,
508 2946 586 2981 (1661
603 2946 631 2987 1,
650 2947 719 2981 blz.
733 2947 787 2979 60.
