2220 3471
419 216 473 249 112
755 213 1043 246 WETGEVING
1076 213 1170 246 DER
1200 213 1536 247 WERELDLIJKE
1568 214 1728 248 MACHT

419 325 513 355 rnen
554 325 660 354 eene
694 314 782 354 wet
819 313 947 365 tegen
984 309 1035 353 de
1058 309 1226 354 ketters
1261 325 1346 354 van
1385 311 1763 368 Zuid-Fn‘ankrijk.
1806 312 1893 355 Het
1931 311 1968 354 is
2007 311 2059 355 de

417 381 613 425 bekende
649 381 954 436 vei-ordening,
997 395 1192 436 gegeven
1225 385 1267 424 te
1301 382 1445 437 Par-ijs
1468 382 1510 424 in
1534 382 1658 437 April
1688 382 1799 424 1228
1818 381 1847 432 ¹,
1877 381 1944 424 die
1969 382 2061 426 niet

418 452 715 496 reohtstreeks
737 451 780 494 in
805 465 911 494 onze
935 451 1287 494 Nederlandsche
1305 455 1531 506 gewesten
1556 466 1639 496 van
1664 453 1914 509 toepassing
1935 466 2057 506 was;

419 527 539 566 maar
572 524 647 566 1161,
680 523 714 565 is
738 536 812 564 zoo
848 521 956 577 goed
982 522 1047 564 als
1081 522 1227 574 zeker,
1264 522 1339 565 dat
1360 521 1551 565 dezelfde
1574 526 1697 566 vorst
1731 523 1813 566 ook
1835 536 1942 566 voor
1974 523 2062 580 zijn

420 594 660 650 noordelijk
694 592 844 649 gebied
878 595 944 635 tot
969 606 1050 635 aan
1076 592 1127 635 de
1150 592 1330 636 Schelde
1354 607 1462 636 eene
1485 593 1724 650 dergelijke
1756 596 1846 636 wet
1868 593 1954 636 had
1978 595 2063 638 uit-

419 664 700 720 gevaardigd‚
748 663 852 705 (161511Ί
898 663 1008 705 later
1051 663 1095 705 in
1139 662 1191 705 de
1240 661 1331 706 14‘12
1371 677 1495 706 eeuw
1534 664 1585 705 de
1627 664 1851 706 Fransohe
1896 663 2063 720 koning

420 736 588 791 Philips
621 735 681 777 VI
714 747 797 776 van
832 734 998 784 Valois,
1035 734 1076 775 in
1113 733 1225 789 zijne
1258 737 1372 777 twee
1406 734 1753 790 verordeningen
1788 747 1984 790 gegeven
2017 738 2063 778 te

419 808 456 850 S'
474 806 896 861 Germain-en-Laye
922 810 1049 860 {egen
1069 804 1120 847 de
1141 805 1308 847 ketters
1327 804 1590 861 (November
1610 805 1758 862 1329),
1782 805 2061 859 verklaarde‚

423 880 498 920 dat
522 878 580 934 hij
607 877 746 919 hierin
772 876 846 918 het
869 874 1047 931 loffelijk
1075 875 1304 918 voorbeeld
1329 889 1412 918 van
1433 876 1578 932 zijnen
1614 879 1815 919 voorzaat
1839 876 2064 933 Lodewijk

423 949 503 991 den
532 948 699 1003 Heilige
722 946 879 1002 volgde
902 960 909 988 :
954 964 970 984 α
991 945 1327 988 Considerantes
1351 946 1532 1001 praefati
1561 945 1676 989 beati
1698 946 1901 989 Ludovici
1925 949 2064 990 statu-

422 1024 530 1070 tum,
553 1018 662 1074 quod
682 1018 830 1073 incipit
849 1016 1081 1072 Cupientes
1099 1017 1360 1072 infavorem
1378 1016 1554 1060 divinae
1572 1015 1675 1065 fidei
1691 1021 1731 1060 et
1748 1016 2068 1075 Inquisitionis

423 1090 564 1148 officii
595 1102 753 1132 necnon
790 1089 838 1130 in
869 1087 1193 1131 detestationem
1216 1087 1326 1131 labis
1355 1087 1568 1145 peifidiae
1589 1087 1782 1132 haeresis
1815 1087 2068 1144 praedictae

422 1161 581 1204 dudum
605 1160 735 1203 fuisse
754 1159 916 1202 editum
935 1158 1205 1202 sanctissime
1230 1162 1272 1202 61
1295 1159 1483 1202 edictum
1502 1176 1542 1210 »‚
1564 1172 1617 1201 en
1642 1159 1685 1201 in
1709 1159 1822 1216 zijne
1841 1160 2064 1203 Fransche

425 1236 537 1275 wet:
584 1250 601 1271 α
628 1230 822 1274 Voulans
856 1233 900 1272 61
932 1230 1175 1272 entendans
1198 1264 1207 1272 .
1239 1263 1248 1273 .
1279 1263 1287 1273 .
1319 1265 1327 1274 .
1356 1231 1559 1272 ensuivre
1593 1230 1654 1273 les
1688 1230 1852 1273 bonnes
1883 1231 2000 1274 voies
2023 1234 2067 1274 et

420 1305 483 1346 les
519 1303 624 1346 bons
659 1302 760 1345 faits
799 1302 850 1344 de
884 1302 1050 1344 nosdits
1084 1314 1339 1344 encesseurs
1373 1305 1416 1344 61
1450 1302 1785 1358 especialernent
1828 1301 1880 1344 de
1924 1302 2065 1346 sainte

425 1375 628 1418 memoire
652 1377 801 1416 nostre
824 1372 1029 1428 seigneur·
1053 1372 1173 1415 Saint
1197 1372 1308 1428 Lwys
1336 1405 1507 1416 .....
1534 1377 1577 1415 61
1598 1373 1718 1415 selon
1753 1373 1793 1415 le
1816 1376 1981 1416 estatut
2014 1373 2068 1416 de

421 1450 570 1489 nostre
609 1446 713 1488 cher
750 1444 955 1499 seigneur·
992 1444 1112 1487 Saint
1155 1445 1268 1501 Loys
1306 1445 1377 1499 qui
1410 1458 1456 1486 se
1489 1458 1734 1488 commance
1769 1443 2063 1498 Cupientes»,

422 1517 540 1560 welk
559 1516 661 1560 stuk
685 1517 776 1559 niet
793 1516 867 1558 dat
891 1529 976 1558 van
999 1511 1121 1570 April
1152 1515 1261 1558 1238
1286 1516 1371 1572 ziJn
1395 1516 1480 1558 kan
1506 1513 1537 1558 ².

479 1589 539 1632 De
563 1592 649 1630 wet
675 1586 907 1643 Cupientes
925 1587 971 1628 in
982 1586 1191 1643 favorem
1212 1585 1389 1629 divinae
1398 1585 1515 1644 fidei
1532 1591 1572 1630 et
1588 1586 1907 1644 Inquisitionis
1925 1587 2070 1645 officii

422 1660 458 1702 is
481 1657 829 1715 waarsohijnlijk
856 1658 1055 1700 verloren
1082 1671 1251 1713 gegaan
1273 1672 1282 1708 ;
1308 1657 1379 1714 wij
1406 1657 1574 1700 hebben
1601 1671 1649 1699 ze
1673 1672 1862 1713 uergens
1887 1659 2066 1702 kunnen

425 1732 602 1775 vinden.
640 1730 810 1773 Ziehier
842 1729 1072 1784 overigens
1105 1729 1156 1771 de
1189 1728 1580 1785 hoofdbepalingen
1613 1729 1691 1771 der
1723 1728 1955 1772 bewaarde
1980 1733 2069 1773 wel:

424 1802 657 1860 Cupientes
689 1802 735 1843 in
765 1801 928 1857 primis
959 1800 1093 1844 etatis
1125 1815 1210 1843 van
1247 1801 1376 1852 1228,
1414 1800 1481 1843 die
1512 1813 1738 1856 nagenoeg
1761 1801 1979 1844 hetzelfde
2001 1802 2069 1844 zal

420 1873 552 1916 bevat
574 1872 759 1915 hebben.
786 1872 949 1915 Aldaar
971 1872 1103 1928 zegde
1128 1872 1180 1915 de
1203 1872 1384 1927 koning,
1412 1871 1485 1914 dat
1509 1871 1568 1928 hij
1592 1871 1643 1914 de
1661 1871 1856 1928 ketterij,
1884 1872 1951 1915 die
1973 1872 2068 1915 zich

422 1946 582 2000 langen
615 1944 695 2001 tijd
726 1942 998 1994 verbreidde,
1037 1943 1376 1986 onderdrukken
1401 1942 1530 1984 wilde
1552 1956 1605 1985 en
1630 1942 1808 1985 daarorn
1830 1942 1956 1986 beval
1987 1942 2065 1999 hij,

423 2016 496 2059 dat
520 2016 570 2058 de
594 2016 779 2067 ketters,
816 2014 949 2057 nadat
972 2014 1024 2070 zij
1049 2015 1155 2056 door
1186 2015 1364 2057 hunnen
1391 2013 1591 2068 bisschop
1625 2013 1812 2070 plichtig
1833 2013 2070 2056 verklaard

422 2087 616 2139 werden,
655 2086 815 2129 zonder
847 2086 995 2129 uitstel
1018 2083 1244 2142 (indilate)
1266 2089 1353 2128 met
1376 2085 1427 2127 de
1451 2085 1684 2127 verdiende
1709 2084 1826 2128 straf
1853 2084 2070 2142 gekastijd

421 2159 598 2202 werden
618 2156 1013 2214 (animadversione
1034 2156 1177 2201 debita
1195 2155 1475 2213 punientem.)
1497 2157 1606 2198 Deze
1630 2155 1816 2199 formuul
1835 2156 2071 2199 ontleende

424 2396 560 2421 annum
576 2386 671 2418 1255?
688 2387 754 2420 blz.
770 2387 802 2427 Τ,
822 2392 859 2420 nr
872 2386 915 2418 33
930 2399 938 2428 ;
956 2385 1112 2430 Corpus,
1129 2385 1197 2420 blz.
1212 2384 1302 2427 125.)
1317 2384 1522 2419 Alexander
1541 2384 1602 2426 IV,
1617 2383 1654 2418 in
1668 2385 1759 2427 zijne
1774 2383 1981 2418 voormelde
1994 2383 2072 2426 bul,

424 2452 469 2475 en
495 2441 658 2475 Clemens
682 2441 742 2481 IV,
768 2441 806 2475 in
830 2443 921 2483 zijne
937 2441 1000 2475 bul
1018 2452 1087 2474 van
1103 2440 1148 2473 26
1164 2440 1342 2475 Februari
1362 2440 1460 2481 1266,
1478 2439 1619 2474 hebben
1633 2439 1704 2473 dan
1720 2438 1791 2474 ook
1805 2439 1988 2482 openbaar
2002 2438 2073 2473 den

424 2495 480 2529 lof
493 2506 563 2529 van
581 2495 839 2537 Lodewijk-IX
855 2496 907 2529 als
924 2495 1147 2538 kettelssjager
1170 2494 1332 2538 pleohtig
1355 2493 1599 2538 verkondigd.
1624 2493 1794 2538 (Corpus,
1815 2493 1884 2527 blz.
1902 2492 1977 2533 126,
1996 2491 2072 2525 133.

426 2549 519 2589 134.)
544 2550 644 2592 ZiJne
669 2550 860 2593 opvolgers
885 2549 1025 2593 Philips
1049 2549 1101 2584 111
1124 2549 1167 2583 de
1194 2548 1319 2584 8101116
1343 2560 1387 2584 611
1409 2548 1550 2592 Philips
1570 2548 1617 2583 iV
1631 2548 1675 2582 de
1693 2547 1857 2582 Schoone
1872 2547 2020 2582 worden
2035 2545 2075 2581 in

425 2604 626 2647 dergelijke
639 2605 839 2649 pauselijke
856 2605 979 2639 bullen
997 2616 1041 2648 op
1054 2604 1211 2639 dezelfde
1228 2604 1369 2638 manier
1387 2614 1563 2647 geprezen
1594 2602 1716 2646 (Ibid.‚
1733 2602 1800 2637 blz.
1817 2602 1892 2644 136,
1912 2602 2000 2644 148.)

472 2661 482 2682 ¹
519 2660 779 2694 Orclomzances
797 2661 860 2695 des
875 2663 954 2695 reis
970 2661 1014 2694 de
1031 2662 1187 2701 Fiwzce,
1206 2661 1284 2695 deel
1297 2661 1327 2701 Ι,
1344 2661 1411 2694 blz.
1431 2660 1486 2701 50,
1504 2660 1560 2694 51.

471 2714 486 2736 2’
515 2715 789 2756 Orclomzances,
815 2716 894 2750 deel
910 2716 956 2757 ΙΙ,
982 2716 1048 2750 blz.
1065 2716 1121 2748 41.
1139 2735 1183 2740 ——
1199 2716 1250 2750 De
1268 2719 1337 2750 wei
1354 2726 1425 2749 van
1442 2714 1547 2758 April
1566 2714 1650 2747 1228
1667 2717 1774 2758 tegen
1791 2713 1835 2749 de
1854 2713 1988 2749 ketters
2004 2723 2074 2748 van

426 2768 740 2814 Zuid-Frankrijk
773 2771 890 2815 begon
914 2771 966 2805 als
994 2771 1095 2815 volgt
1110 2782 1117 2804 :
1152 2779 1167 2797 α
1186 2771 1379 2814 Cupientes
1411 2769 1449 2804 in
1478 2768 1606 2813 primis
1637 2769 1742 2804 etatis
1771 2771 1806 2804 61
1830 2768 1936 2812 regni
1959 2767 2074 2803 nostri

424 2824 635 2868 primordiis
652 2825 706 2860 illi
724 2826 860 2861 servire
883 2837 904 2860 a
929 2836 999 2870 quo
1022 2837 1177 2870 regnum
1206 2824 1500 2868 recognoscimus
1516 2826 1550 2860 61
1566 2824 1604 2859 id
1618 2824 1714 2869 quod
1726 2835 1861 2865 511111115,
1875 2840 1891 2859 n
1914 2823 1983 2859 Het
1998 2822 2073 2858 kan

425 2877 491 2913 dus
509 2879 582 2914 11161
596 2879 640 2915 (16
653 2883 722 2916 wet
739 2883 820 2924 zijn,
839 2892 986 2924 waarop
1004 2880 1143 2924 Philips
1161 2880 1210 2916 VI
1225 2879 1263 2915 in
1281 2880 1365 2913 1329
1381 2878 1592 2923 zinspeeldo.
