<?xml version="1.0" encoding="UTF-8"?>
<!DOCTYPE html PUBLIC "-//W3C//DTD XHTML 1.0 Transitional//EN"
    "http://www.w3.org/TR/xhtml1/DTD/xhtml1-transitional.dtd">
<html xmlns="http://www.w3.org/1999/xhtml" xml:lang="en" lang="en">
 <head>
  <title>
</title>
<meta http-equiv="Content-Type" content="text/html;charset=utf-8" />
  <meta name='ocr-system' content='tesseract 3.04.00' />
  <meta name='ocr-capabilities' content='ocr_page ocr_carea ocr_par ocr_line ocrx_word'/>
</head>
<body>
  <div class='ocr_page' id='page_1' title='image "./inquisitiohaeret01fruoft/inquisitiohaeret01fruoft_0067.png"; bbox 0 0 2220 3471; ppageno 0'>
   <div class='ocr_carea' id='block_1_1' title="bbox 455 311 1821 353">
    <p class='ocr_par' dir='ltr' id='par_1_1' title="bbox 455 311 1821 353">
     <span class='ocr_line' id='line_1_1' title="bbox 455 311 1821 353; baseline 0.007 -10"><span class='ocrx_word' id='word_1_1' title='bbox 455 312 547 345; x_wconf 86' lang='lat' dir='ltr'>HET</span> <span class='ocrx_word' id='word_1_2' title='bbox 581 311 826 345; x_wconf 67' lang='lat' dir='ltr'><strong>ONTSAEAAN</strong></span> <span class='ocrx_word' id='word_1_3' title='bbox 858 312 952 345; x_wconf 91' lang='lat' dir='ltr'>DER</span> <span class='ocrx_word' id='word_1_4' title='bbox 985 313 1270 347; x_wconf 79' lang='lat' dir='ltr'>PAUSELIJKF.</span> <span class='ocrx_word' id='word_1_5' title='bbox 1303 315 1558 352; x_wconf 86' lang='lat' dir='ltr'><strong>INQUISITIE</strong></span> <span class='ocrx_word' id='word_1_6' title='bbox 1780 320 1821 353; x_wconf 79' lang='lat'>45</span> 
     </span>
    </p>
   </div>
   <div class='ocr_carea' id='block_1_2' title="bbox 160 411 1821 1606">
    <p class='ocr_par' dir='ltr' id='par_1_2' title="bbox 169 411 1820 824">
     <span class='ocr_line' id='line_1_2' title="bbox 174 411 1817 470; baseline 0.005 -17"><span class='ocrx_word' id='word_1_7' title='bbox 174 411 411 468; x_wconf 86' lang='lat' dir='ltr'>Frankrijk</span> <span class='ocrx_word' id='word_1_8' title='bbox 433 414 507 454; x_wconf 86' lang='lat' dir='ltr'>ten</span> <span class='ocrx_word' id='word_1_9' title='bbox 533 413 656 455; x_wconf 86' lang='lat' dir='ltr'>einde</span> <span class='ocrx_word' id='word_1_10' title='bbox 696 413 794 456; x_wconf 88' lang='lat' dir='ltr'>hem</span> <span class='ocrx_word' id='word_1_11' title='bbox 821 413 1049 469; x_wconf 82' lang='lat' dir='ltr'>insgelijks</span> <span class='ocrx_word' id='word_1_12' title='bbox 1082 427 1167 456; x_wconf 85' lang='lat' dir='ltr'>van</span> <span class='ocrx_word' id='word_1_13' title='bbox 1207 415 1291 470; x_wconf 83' lang='lat' dir='ltr'>zijn</span> <span class='ocrx_word' id='word_1_14' title='bbox 1328 414 1486 458; x_wconf 84' lang='lat' dir='ltr'>besluit</span> <span class='ocrx_word' id='word_1_15' title='bbox 1524 419 1568 459; x_wconf 79' lang='lat' dir='ltr'>te</span> <span class='ocrx_word' id='word_1_16' title='bbox 1605 419 1817 462; x_wconf 86' lang='lat' dir='ltr'>verwitti-</span> 
     </span>
     <span class='ocr_line' id='line_1_3' title="bbox 173 484 1820 544; baseline 0.005 -20"><span class='ocrx_word' id='word_1_17' title='bbox 173 496 256 538; x_wconf 87' lang='lat' dir='ltr'>gen</span> <span class='ocrx_word' id='word_1_18' title='bbox 280 487 310 534; x_wconf 82' lang='lat'>¹,</span> <span class='ocrx_word' id='word_1_19' title='bbox 337 498 391 526; x_wconf 90' lang='lat' dir='ltr'>en</span> <span class='ocrx_word' id='word_1_20' title='bbox 410 484 508 525; x_wconf 90' lang='lat' dir='ltr'>hem</span> <span class='ocrx_word' id='word_1_21' title='bbox 532 484 619 526; x_wconf 85' lang='lat' dir='ltr'>last</span> <span class='ocrx_word' id='word_1_22' title='bbox 638 488 681 527; x_wconf 91' lang='lat' dir='ltr'>te</span> <span class='ocrx_word' id='word_1_23' title='bbox 706 498 845 539; x_wconf 85' lang='lat' dir='ltr'>geven</span> <span class='ocrx_word' id='word_1_24' title='bbox 866 499 933 527; x_wconf 86' lang='lat' dir='ltr'>orn</span> <span class='ocrx_word' id='word_1_25' title='bbox 957 499 1038 527; x_wconf 91' lang='lat' dir='ltr'>aan</span> <span class='ocrx_word' id='word_1_26' title='bbox 1061 486 1211 541; x_wconf 83' lang='lat' dir='ltr'>eenige</span> <span class='ocrx_word' id='word_1_27' title='bbox 1235 486 1442 530; x_wconf 86' lang='lat' dir='ltr'>broeders</span> <span class='ocrx_word' id='word_1_28' title='bbox 1461 488 1600 544; x_wconf 86' lang='lat' dir='ltr'>zijner</span> <span class='ocrx_word' id='word_1_29' title='bbox 1622 490 1725 532; x_wconf 85' lang='lat' dir='ltr'>orde</span> <span class='ocrx_word' id='word_1_30' title='bbox 1744 491 1820 533; x_wconf 86' lang='lat' dir='ltr'>het</span> 
     </span>
     <span class='ocr_line' id='line_1_4' title="bbox 173 552 1815 613; baseline 0.006 -20"><span class='ocrx_word' id='word_1_31' title='bbox 173 552 290 595; x_wconf 88' lang='lat' dir='ltr'>ambt</span> <span class='ocrx_word' id='word_1_32' title='bbox 313 567 396 595; x_wconf 84' lang='lat' dir='ltr'>van</span> <span class='ocrx_word' id='word_1_33' title='bbox 422 555 682 608; x_wconf 85' lang='lat' dir='ltr'>inquisiteur</span> <span class='ocrx_word' id='word_1_34' title='bbox 705 556 746 597; x_wconf 91' lang='lat' dir='ltr'>in</span> <span class='ocrx_word' id='word_1_35' title='bbox 766 555 841 598; x_wconf 88' lang='lat' dir='ltr'>het</span> <span class='ocrx_word' id='word_1_36' title='bbox 867 555 1121 612; x_wconf 80' lang='lat' dir='ltr'>koninkrijk</span> <span class='ocrx_word' id='word_1_37' title='bbox 1159 571 1210 612; x_wconf 88' lang='lat' dir='ltr'>op</span> <span class='ocrx_word' id='word_1_38' title='bbox 1234 560 1278 600; x_wconf 89' lang='lat' dir='ltr'>te</span> <span class='ocrx_word' id='word_1_39' title='bbox 1318 559 1481 613; x_wconf 85' lang='lat' dir='ltr'>dragen</span> <span class='ocrx_word' id='word_1_40' title='bbox 1505 557 1537 603; x_wconf 77' lang='lat'>².</span> <span class='ocrx_word' id='word_1_41' title='bbox 1564 560 1815 603; x_wconf 84' lang='lat' dir='ltr'>Aanstonds</span> 
     </span>
     <span class='ocr_line' id='line_1_5' title="bbox 171 623 1817 684; baseline 0.006 -20"><span class='ocrx_word' id='word_1_42' title='bbox 171 623 349 665; x_wconf 80' lang='lat' dir='ltr'>werden</span> <span class='ocrx_word' id='word_1_43' title='bbox 382 623 566 667; x_wconf 85' lang='lat' dir='ltr'>broeder</span> <span class='ocrx_word' id='word_1_44' title='bbox 600 625 764 668; x_wconf 82' lang='lat' dir='ltr'>Robert</span> <span class='ocrx_word' id='word_1_45' title='bbox 797 641 849 668; x_wconf 90' lang='lat' dir='ltr'>en</span> <span class='ocrx_word' id='word_1_46' title='bbox 884 627 1075 669; x_wconf 77' lang='lat' dir='ltr'>anderen</span> <span class='ocrx_word' id='word_1_47' title='bbox 1104 628 1167 669; x_wconf 86' lang='lat' dir='ltr'>als</span> <span class='ocrx_word' id='word_1_48' title='bbox 1194 629 1433 684; x_wconf 82' lang='lat' dir='ltr'>pauselijke</span> <span class='ocrx_word' id='word_1_49' title='bbox 1457 628 1817 674; x_wconf 78' lang='lat' dir='ltr'>kettermeesters</span> 
     </span>
     <span class='ocr_line' id='line_1_6' title="bbox 169 695 1816 757; baseline 0.005 -21"><span class='ocrx_word' id='word_1_50' title='bbox 169 695 424 749; x_wconf 83' lang='lat' dir='ltr'>aangesteld</span> <span class='ocrx_word' id='word_1_51' title='bbox 463 710 516 738; x_wconf 90' lang='grc' dir='ltr'>θη</span> <span class='ocrx_word' id='word_1_52' title='bbox 559 697 611 753; x_wconf 85' lang='lat' dir='ltr'>zij</span> <span class='ocrx_word' id='word_1_53' title='bbox 653 697 849 753; x_wconf 86' lang='lat' dir='ltr'>schijnen</span> <span class='ocrx_word' id='word_1_54' title='bbox 890 697 1038 739; x_wconf 90' lang='lat' dir='ltr'>hunne</span> <span class='ocrx_word' id='word_1_55' title='bbox 1082 698 1400 752; x_wconf 84' lang='lat' dir='ltr'>inquisitoriale</span> <span class='ocrx_word' id='word_1_56' title='bbox 1440 700 1734 757; x_wconf 84' lang='lat' dir='ltr'>handelingen</span> <span class='ocrx_word' id='word_1_57' title='bbox 1773 702 1816 744; x_wconf 92' lang='lat' dir='ltr'>in</span> 
     </span>
     <span class='ocr_line' id='line_1_7' title="bbox 169 763 1406 824; baseline 0.006 -20"><span class='ocrx_word' id='word_1_58' title='bbox 169 763 404 821; x_wconf 84' lang='lat' dir='ltr'>Frankrijk</span> <span class='ocrx_word' id='word_1_59' title='bbox 428 766 589 808; x_wconf 84' lang='lat' dir='ltr'>zonder</span> <span class='ocrx_word' id='word_1_60' title='bbox 612 767 762 810; x_wconf 86' lang='lat' dir='ltr'>uitstel</span> <span class='ocrx_word' id='word_1_61' title='bbox 781 771 822 809; x_wconf 87' lang='lat' dir='ltr'>te</span> <span class='ocrx_word' id='word_1_62' title='bbox 845 766 1013 809; x_wconf 89' lang='lat' dir='ltr'>hebben</span> <span class='ocrx_word' id='word_1_63' title='bbox 1039 781 1356 824; x_wconf 81' lang='lat' dir='ltr'>aangevangen</span> <span class='ocrx_word' id='word_1_64' title='bbox 1375 768 1406 811; x_wconf 82' lang='lat'>³.</span> 
     </span>
    </p>

    <p class='ocr_par' dir='ltr' id='par_1_3' title="bbox 160 836 1821 1606">
     <span class='ocr_line' id='line_1_8' title="bbox 227 836 1818 898; baseline 0.004 -21"><span class='ocrx_word' id='word_1_65' title='bbox 227 836 286 877; x_wconf 87' lang='lat' dir='ltr'>De</span> <span class='ocrx_word' id='word_1_66' title='bbox 305 837 526 879; x_wconf 89' lang='lat' dir='ltr'>Fransche</span> <span class='ocrx_word' id='word_1_67' title='bbox 549 836 834 892; x_wconf 81' lang='lat' dir='ltr'>bisschoppen</span> <span class='ocrx_word' id='word_1_68' title='bbox 859 851 1008 879; x_wconf 84' lang='lat' dir='ltr'>waren</span> <span class='ocrx_word' id='word_1_69' title='bbox 1036 843 1122 880; x_wconf 88' lang='lat' dir='ltr'>met</span> <span class='ocrx_word' id='word_1_70' title='bbox 1143 838 1214 881; x_wconf 87' lang='lat' dir='ltr'>het</span> <span class='ocrx_word' id='word_1_71' title='bbox 1236 840 1443 882; x_wconf 85' lang='lat' dir='ltr'>invoeren</span> <span class='ocrx_word' id='word_1_72' title='bbox 1464 841 1557 882; x_wconf 81' lang='lat' dir='ltr'>dier</span> <span class='ocrx_word' id='word_1_73' title='bbox 1576 841 1818 898; x_wconf 70' lang='lat' dir='ltr'>pauseliJke</span> 
     </span>
     <span class='ocr_line' id='line_1_9' title="bbox 165 905 1814 969; baseline 0.004 -22"><span class='ocrx_word' id='word_1_74' title='bbox 165 905 444 962; x_wconf 87' lang='lat' dir='ltr'>inquisiteurs</span> <span class='ocrx_word' id='word_1_75' title='bbox 471 921 551 950; x_wconf 86' lang='lat' dir='ltr'>van</span> <span class='ocrx_word' id='word_1_76' title='bbox 575 908 627 950; x_wconf 92' lang='lat' dir='ltr'>de</span> <span class='ocrx_word' id='word_1_77' title='bbox 652 908 1076 963; x_wconf 88' lang='lat' dir='ltr'>predikheerenorde</span> <span class='ocrx_word' id='word_1_78' title='bbox 1102 909 1143 951; x_wconf 88' lang='lat' dir='ltr'>in</span> <span class='ocrx_word' id='word_1_79' title='bbox 1168 910 1317 952; x_wconf 90' lang='lat' dir='ltr'>hunne</span> <span class='ocrx_word' id='word_1_80' title='bbox 1343 910 1606 953; x_wconf 89' lang='lat' dir='ltr'>bisdommen</span> <span class='ocrx_word' id='word_1_81' title='bbox 1631 911 1814 969; x_wconf 75' lang='lat' dir='ltr'>kwaliJk</span> 
     </span>
     <span class='ocr_line' id='line_1_10' title="bbox 165 977 1814 1039; baseline 0.003 -20"><span class='ocrx_word' id='word_1_82' title='bbox 165 977 379 1032; x_wconf 82' lang='lat' dir='ltr'>gediend3</span> <span class='ocrx_word' id='word_1_83' title='bbox 407 992 459 1020; x_wconf 91' lang='lat' dir='ltr'>en</span> <span class='ocrx_word' id='word_1_84' title='bbox 483 978 587 1020; x_wconf 87' lang='lat' dir='ltr'>daar</span> <span class='ocrx_word' id='word_1_85' title='bbox 611 979 662 1034; x_wconf 83' lang='lat' dir='ltr'>zij</span> <span class='ocrx_word' id='word_1_86' title='bbox 689 979 814 1020; x_wconf 87' lang='lat' dir='ltr'>zulks</span> <span class='ocrx_word' id='word_1_87' title='bbox 848 979 938 1021; x_wconf 89' lang='lat' dir='ltr'>niet</span> <span class='ocrx_word' id='word_1_88' title='bbox 961 978 1120 1021; x_wconf 85' lang='lat' dir='ltr'>wilden</span> <span class='ocrx_word' id='word_1_89' title='bbox 1156 980 1365 1031; x_wconf 88' lang='lat' dir='ltr'>toelaten,</span> <span class='ocrx_word' id='word_1_90' title='bbox 1396 981 1651 1024; x_wconf 83' lang='lat' dir='ltr'>beweerden</span> <span class='ocrx_word' id='word_1_91' title='bbox 1677 982 1729 1039; x_wconf 87' lang='lat' dir='ltr'>zij</span> <span class='ocrx_word' id='word_1_92' title='bbox 1756 982 1814 1039; x_wconf 89' lang='lat' dir='ltr'>bij</span> 
     </span>
     <span class='ocr_line' id='line_1_11' title="bbox 165 1048 1815 1111; baseline 0.004 -21"><span class='ocrx_word' id='word_1_93' title='bbox 165 1048 247 1091; x_wconf 89' lang='lat' dir='ltr'>den</span> <span class='ocrx_word' id='word_1_94' title='bbox 271 1063 393 1104; x_wconf 89' lang='lat' dir='ltr'>paus,</span> <span class='ocrx_word' id='word_1_95' title='bbox 417 1051 490 1093; x_wconf 84' lang='lat' dir='ltr'>dat</span> <span class='ocrx_word' id='word_1_96' title='bbox 508 1051 656 1092; x_wconf 86' lang='lat' dir='ltr'>bunne</span> <span class='ocrx_word' id='word_1_97' title='bbox 674 1050 930 1106; x_wconf 85' lang='lat' dir='ltr'>geestelijke</span> <span class='ocrx_word' id='word_1_98' title='bbox 949 1051 1201 1106; x_wconf 76' lang='lat' dir='ltr'>provincien</span> <span class='ocrx_word' id='word_1_99' title='bbox 1222 1053 1452 1107; x_wconf 82' lang='lat' dir='ltr'>geenszins</span> <span class='ocrx_word' id='word_1_100' title='bbox 1472 1057 1559 1096; x_wconf 86' lang='lat' dir='ltr'>met</span> <span class='ocrx_word' id='word_1_101' title='bbox 1578 1055 1815 1111; x_wconf 78' lang='lat' dir='ltr'>ketterijen</span> 
     </span>
     <span class='ocr_line' id='line_1_12' title="bbox 163 1119 1814 1178; baseline 0.004 -16"><span class='ocrx_word' id='word_1_102' title='bbox 163 1119 329 1163; x_wconf 85' lang='lat' dir='ltr'>besmet</span> <span class='ocrx_word' id='word_1_103' title='bbox 362 1135 510 1164; x_wconf 83' lang='lat' dir='ltr'>waren</span> <span class='ocrx_word' id='word_1_104' title='bbox 543 1119 575 1164; x_wconf 85' lang='lat'>⁴.</span> <span class='ocrx_word' id='word_1_105' title='bbox 613 1120 689 1164; x_wconf 86' lang='lat' dir='ltr'>Uit</span> <span class='ocrx_word' id='word_1_106' title='bbox 721 1121 773 1163; x_wconf 90' lang='lat' dir='ltr'>de</span> <span class='ocrx_word' id='word_1_107' title='bbox 806 1122 1037 1177; x_wconf 83' lang='lat' dir='ltr'>verslagen</span> <span class='ocrx_word' id='word_1_108' title='bbox 1073 1122 1149 1164; x_wconf 88' lang='lat' dir='ltr'>der</span> <span class='ocrx_word' id='word_1_109' title='bbox 1180 1123 1462 1178; x_wconf 82' lang='lat' dir='ltr'>inquisiteurs</span> <span class='ocrx_word' id='word_1_110' title='bbox 1487 1139 1538 1167; x_wconf 88' lang='grc' dir='ltr'>θη</span> <span class='ocrx_word' id='word_1_111' title='bbox 1563 1139 1648 1167; x_wconf 86' lang='lat' dir='ltr'>van</span> <span class='ocrx_word' id='word_1_112' title='bbox 1674 1126 1814 1168; x_wconf 82' lang='lat' dir='ltr'>elders</span> 
     </span>
     <span class='ocr_line' id='line_1_13' title="bbox 164 1190 1812 1251; baseline 0.002 -19"><span class='ocrx_word' id='word_1_113' title='bbox 164 1190 266 1234; x_wconf 88' lang='lat' dir='ltr'>wist</span> <span class='ocrx_word' id='word_1_114' title='bbox 299 1192 536 1247; x_wconf 82' lang='lat' dir='ltr'>Gregorius</span> <span class='ocrx_word' id='word_1_115' title='bbox 553 1193 618 1234; x_wconf 89' lang='lat' dir='ltr'>IX</span> <span class='ocrx_word' id='word_1_116' title='bbox 652 1191 999 1248; x_wconf 85' lang='lat' dir='ltr'>waarschijnlijk</span> <span class='ocrx_word' id='word_1_117' title='bbox 1034 1193 1118 1234; x_wconf 83' lang='lat' dir='ltr'>wel</span> <span class='ocrx_word' id='word_1_118' title='bbox 1152 1192 1310 1244; x_wconf 82' lang='lat' dir='ltr'>beter;</span> <span class='ocrx_word' id='word_1_119' title='bbox 1349 1197 1440 1236; x_wconf 78' lang='lat' dir='ltr'>wat</span> <span class='ocrx_word' id='word_1_120' title='bbox 1473 1209 1520 1236; x_wconf 86' lang='lat' dir='ltr'>er</span> <span class='ocrx_word' id='word_1_121' title='bbox 1544 1195 1624 1237; x_wconf 91' lang='lat' dir='ltr'>ook</span> <span class='ocrx_word' id='word_1_122' title='bbox 1651 1209 1734 1238; x_wconf 87' lang='lat' dir='ltr'>van</span> <span class='ocrx_word' id='word_1_123' title='bbox 1759 1196 1812 1251; x_wconf 88' lang='lat' dir='ltr'>zij</span> 
     </span>
     <span class='ocr_line' id='line_1_14' title="bbox 163 1262 1821 1322; baseline 0.003 -18"><span class='ocrx_word' id='word_1_124' title='bbox 163 1275 217 1304; x_wconf 89' lang='lat' dir='ltr'>en</span> <span class='ocrx_word' id='word_1_125' title='bbox 267 1262 314 1304; x_wconf 88' lang='lat' dir='ltr'>of</span> <span class='ocrx_word' id='word_1_126' title='bbox 355 1263 414 1319; x_wconf 89' lang='lat' dir='ltr'>hij</span> <span class='ocrx_word' id='word_1_127' title='bbox 463 1277 546 1305; x_wconf 84' lang='lat' dir='ltr'>aan</span> <span class='ocrx_word' id='word_1_128' title='bbox 589 1263 657 1305; x_wconf 91' lang='lat' dir='ltr'>die</span> <span class='ocrx_word' id='word_1_129' title='bbox 696 1262 921 1318; x_wconf 82' lang='lat' dir='ltr'>bewering</span> <span class='ocrx_word' id='word_1_130' title='bbox 961 1263 1036 1305; x_wconf 87' lang='lat' dir='ltr'>der</span> <span class='ocrx_word' id='word_1_131' title='bbox 1075 1264 1298 1306; x_wconf 86' lang='lat' dir='ltr'>Fransche</span> <span class='ocrx_word' id='word_1_132' title='bbox 1339 1264 1627 1322; x_wconf 87' lang='lat' dir='ltr'>bisschoppen</span> <span class='ocrx_word' id='word_1_133' title='bbox 1673 1267 1821 1322; x_wconf 84' lang='lat' dir='ltr'>geloof</span> 
     </span>
     <span class='ocr_line' id='line_1_15' title="bbox 161 1333 1813 1390; baseline 0.003 -15"><span class='ocrx_word' id='word_1_134' title='bbox 161 1334 340 1376; x_wconf 83' lang='lat' dir='ltr'>hechtte</span> <span class='ocrx_word' id='word_1_135' title='bbox 366 1334 415 1390; x_wconf 85' lang='lat' dir='ltr'>ja</span> <span class='ocrx_word' id='word_1_136' title='bbox 447 1334 532 1376; x_wconf 90' lang='lat' dir='ltr'>dan</span> <span class='ocrx_word' id='word_1_137' title='bbox 554 1348 680 1384; x_wconf 89' lang='lat' dir='ltr'>neen,</span> <span class='ocrx_word' id='word_1_138' title='bbox 719 1334 820 1376; x_wconf 84' lang='lat' dir='ltr'>toch</span> <span class='ocrx_word' id='word_1_139' title='bbox 855 1333 932 1389; x_wconf 82' lang='lat' dir='ltr'>gaf</span> <span class='ocrx_word' id='word_1_140' title='bbox 950 1334 1009 1390; x_wconf 84' lang='lat' dir='ltr'>hij</span> <span class='ocrx_word' id='word_1_141' title='bbox 1045 1348 1187 1390; x_wconf 85' lang='lat' dir='ltr'>negen</span> <span class='ocrx_word' id='word_1_142' title='bbox 1211 1336 1425 1378; x_wconf 84' lang='lat' dir='ltr'>maanden</span> <span class='ocrx_word' id='word_1_143' title='bbox 1450 1338 1561 1379; x_wconf 83' lang='lat' dir='ltr'>later</span> <span class='ocrx_word' id='word_1_144' title='bbox 1583 1337 1813 1380; x_wconf 81' lang='lat' dir='ltr'>volkomen</span> 
     </span>
     <span class='ocr_line' id='line_1_16' title="bbox 160 1405 1813 1465; baseline 0.002 -18"><span class='ocrx_word' id='word_1_145' title='bbox 160 1406 233 1447; x_wconf 74' lang='lat' dir='ltr'>‘coe</span> <span class='ocrx_word' id='word_1_146' title='bbox 265 1419 318 1447; x_wconf 84' lang='lat' dir='ltr'>en</span> <span class='ocrx_word' id='word_1_147' title='bbox 343 1405 615 1460; x_wconf 84' lang='lat' dir='ltr'>vernietigde</span> <span class='ocrx_word' id='word_1_148' title='bbox 651 1406 771 1448; x_wconf 88' lang='lat' dir='ltr'>zelve</span> <span class='ocrx_word' id='word_1_149' title='bbox 805 1405 916 1461; x_wconf 87' lang='lat' dir='ltr'>zijne</span> <span class='ocrx_word' id='word_1_150' title='bbox 952 1406 1123 1448; x_wconf 85' lang='lat' dir='ltr'>nieuwe</span> <span class='ocrx_word' id='word_1_151' title='bbox 1171 1407 1416 1463; x_wconf 83' lang='lat' dir='ltr'>inrichting</span> <span class='ocrx_word' id='word_1_152' title='bbox 1458 1408 1534 1449; x_wconf 88' lang='lat' dir='ltr'>der</span> <span class='ocrx_word' id='word_1_153' title='bbox 1572 1408 1813 1465; x_wconf 86' lang='lat' dir='ltr'>pauselijke</span> 
     </span>
     <span class='ocr_line' id='line_1_17' title="bbox 160 1476 1812 1535; baseline 0.001 -15"><span class='ocrx_word' id='word_1_154' title='bbox 160 1476 386 1530; x_wconf 89' lang='lat' dir='ltr'>Inquisitie</span> <span class='ocrx_word' id='word_1_155' title='bbox 425 1477 467 1518; x_wconf 92' lang='lat' dir='ltr'>in</span> <span class='ocrx_word' id='word_1_156' title='bbox 504 1477 579 1519; x_wconf 90' lang='lat' dir='ltr'>het</span> <span class='ocrx_word' id='word_1_157' title='bbox 618 1476 876 1533; x_wconf 84' lang='lat' dir='ltr'>koninkrijk</span> <span class='ocrx_word' id='word_1_158' title='bbox 899 1477 1152 1533; x_wconf 82' lang='lat' dir='ltr'>Frankrijk.</span> <span class='ocrx_word' id='word_1_159' title='bbox 1179 1477 1228 1519; x_wconf 93' lang='lat' dir='ltr'>In</span> <span class='ocrx_word' id='word_1_160' title='bbox 1274 1492 1380 1520; x_wconf 89' lang='lat' dir='ltr'>eene</span> <span class='ocrx_word' id='word_1_161' title='bbox 1424 1478 1511 1531; x_wconf 85' lang='lat' dir='ltr'>bul,</span> <span class='ocrx_word' id='word_1_162' title='bbox 1554 1479 1619 1521; x_wconf 92' lang='lat' dir='ltr'>die</span> <span class='ocrx_word' id='word_1_163' title='bbox 1659 1479 1720 1535; x_wconf 86' lang='lat' dir='ltr'>hij</span> <span class='ocrx_word' id='word_1_164' title='bbox 1760 1494 1812 1535; x_wconf 87' lang='lat' dir='ltr'>op</span> 
     </span>
     <span class='ocr_line' id='line_1_18' title="bbox 163 1546 1802 1606; baseline 0.002 -16"><span class='ocrx_word' id='word_1_165' title='bbox 163 1549 180 1590; x_wconf 94' lang='lat'>1</span> <span class='ocrx_word' id='word_1_166' title='bbox 208 1548 418 1590; x_wconf 88' lang='lat' dir='ltr'>Februari</span> <span class='ocrx_word' id='word_1_167' title='bbox 440 1549 554 1592; x_wconf 77' lang='lat'>12:34</span> <span class='ocrx_word' id='word_1_168' title='bbox 570 1546 586 1569; x_wconf 80' lang='lat'><strong>⁵</strong></span> <span class='ocrx_word' id='word_1_169' title='bbox 611 1551 676 1591; x_wconf 90' lang='lat' dir='ltr'>tot</span> <span class='ocrx_word' id='word_1_170' title='bbox 698 1548 778 1590; x_wconf 90' lang='lat' dir='ltr'>den</span> <span class='ocrx_word' id='word_1_171' title='bbox 804 1547 1124 1603; x_wconf 83' lang='lat' dir='ltr'>aartsbisschop</span> <span class='ocrx_word' id='word_1_172' title='bbox 1152 1563 1235 1592; x_wconf 87' lang='lat' dir='ltr'>van</span> <span class='ocrx_word' id='word_1_173' title='bbox 1262 1550 1408 1592; x_wconf 82' lang='lat' dir='ltr'>Reims</span> <span class='ocrx_word' id='word_1_174' title='bbox 1432 1564 1484 1592; x_wconf 92' lang='grc' dir='ltr'>θη</span> <span class='ocrx_word' id='word_1_175' title='bbox 1510 1551 1623 1606; x_wconf 84' lang='lat' dir='ltr'>zijne</span> <span class='ocrx_word' id='word_1_176' title='bbox 1647 1550 1802 1594; x_wconf 85' lang='lat' dir='ltr'>suffra-</span> 
     </span>
    </p>
   </div>
   <div class='ocr_carea' id='block_1_3' title="bbox 152 1774 1811 3023">
    <p class='ocr_par' dir='ltr' id='par_1_4' title="bbox 156 1774 1811 1930">
     <span class='ocr_line' id='line_1_19' title="bbox 205 1774 1810 1821; baseline 0.002 -13"><span class='ocrx_word' id='word_1_177' title='bbox 205 1775 215 1797; x_wconf 68' lang='lat'><em>*</em></span> <span class='ocrx_word' id='word_1_178' title='bbox 247 1774 308 1810; x_wconf 87' lang='lat' dir='ltr'>Dit</span> <span class='ocrx_word' id='word_1_179' title='bbox 331 1775 414 1810; x_wconf 83' lang='lat' dir='ltr'>stuk</span> <span class='ocrx_word' id='word_1_180' title='bbox 439 1775 468 1809; x_wconf 78' lang='lat' dir='ltr'>is</span> <span class='ocrx_word' id='word_1_181' title='bbox 494 1775 673 1817; x_wconf 73' lang='lat' dir='ltr'>verloren,</span> <span class='ocrx_word' id='word_1_182' title='bbox 699 1786 802 1809; x_wconf 80' lang='lat' dir='ltr'>maar</span> <span class='ocrx_word' id='word_1_183' title='bbox 820 1774 859 1809; x_wconf 88' lang='lat' dir='ltr'>in</span> <span class='ocrx_word' id='word_1_184' title='bbox 872 1775 984 1810; x_wconf 85' lang='lat' dir='ltr'>latere</span> <span class='ocrx_word' id='word_1_185' title='bbox 1004 1775 1127 1810; x_wconf 88' lang='lat' dir='ltr'>bullen</span> <span class='ocrx_word' id='word_1_186' title='bbox 1141 1775 1256 1811; x_wconf 77' lang='lat' dir='ltr'>wordt</span> <span class='ocrx_word' id='word_1_187' title='bbox 1274 1787 1314 1811; x_wconf 88' lang='lat' dir='ltr'>er</span> <span class='ocrx_word' id='word_1_188' title='bbox 1330 1776 1419 1811; x_wconf 89' lang='lat' dir='ltr'>door</span> <span class='ocrx_word' id='word_1_189' title='bbox 1437 1776 1507 1811; x_wconf 87' lang='lat' dir='ltr'>den</span> <span class='ocrx_word' id='word_1_190' title='bbox 1523 1788 1612 1821; x_wconf 83' lang='lat' dir='ltr'>paus</span> <span class='ocrx_word' id='word_1_191' title='bbox 1629 1788 1674 1820; x_wconf 88' lang='lat' dir='ltr'>op</span> <span class='ocrx_word' id='word_1_192' title='bbox 1691 1776 1810 1821; x_wconf 83' lang='lat' dir='ltr'>gezin-</span> 
     </span>
     <span class='ocr_line' id='line_1_20' title="bbox 159 1830 1811 1874; baseline 0.001 -10"><span class='ocrx_word' id='word_1_193' title='bbox 159 1831 298 1874; x_wconf 89' lang='lat' dir='ltr'>speeld:</span> <span class='ocrx_word' id='word_1_194' title='bbox 334 1832 415 1866; x_wconf 88' lang='lat' dir='ltr'>Non</span> <span class='ocrx_word' id='word_1_195' title='bbox 447 1830 672 1865; x_wconf 80' lang='lat' dir='ltr'>obstantibus</span> <span class='ocrx_word' id='word_1_196' title='bbox 704 1830 837 1865; x_wconf 87' lang='lat' dir='ltr'>litteris</span> <span class='ocrx_word' id='word_1_197' title='bbox 867 1841 978 1873; x_wconf 86' lang='lat' dir='ltr'>super</span> <span class='ocrx_word' id='word_1_198' title='bbox 1010 1831 1218 1874; x_wconf 75' lang='lat' dir='ltr'>praemissis</span> <span class='ocrx_word' id='word_1_199' title='bbox 1254 1831 1368 1874; x_wconf 85' lang='lat' dir='ltr'>priori</span> <span class='ocrx_word' id='word_1_200' title='bbox 1402 1831 1618 1874; x_wconf 76' lang='lat' dir='ltr'>provinciali</span> <span class='ocrx_word' id='word_1_201' title='bbox 1656 1833 1811 1866; x_wconf 76' lang='lat' dir='ltr'>fratrum</span> 
     </span>
     <span class='ocr_line' id='line_1_21' title="bbox 156 1885 1811 1930; baseline 0 -11"><span class='ocrx_word' id='word_1_202' title='bbox 156 1885 448 1929; x_wconf 85' lang='lat' dir='ltr'>praedicatorum</span> <span class='ocrx_word' id='word_1_203' title='bbox 478 1885 516 1919; x_wconf 89' lang='lat' dir='ltr'>in</span> <span class='ocrx_word' id='word_1_204' title='bbox 532 1885 688 1919; x_wconf 80' lang='lat' dir='ltr'>Francia</span> <span class='ocrx_word' id='word_1_205' title='bbox 707 1885 908 1920; x_wconf 86' lang='lat' dir='ltr'>destinatis.</span> <span class='ocrx_word' id='word_1_206' title='bbox 928 1886 1013 1928; x_wconf 80' lang='lat' dir='ltr'>(Bul</span> <span class='ocrx_word' id='word_1_207' title='bbox 1028 1897 1099 1919; x_wconf 73' lang='lat' dir='ltr'>van</span> <span class='ocrx_word' id='word_1_208' title='bbox 1117 1887 1132 1917; x_wconf 92' lang='grc'>1</span> <span class='ocrx_word' id='word_1_209' title='bbox 1154 1886 1332 1920; x_wconf 87' lang='lat' dir='ltr'>Februari</span> <span class='ocrx_word' id='word_1_210' title='bbox 1351 1886 1458 1929; x_wconf 69' lang='lat'>12:343</span> <span class='ocrx_word' id='word_1_211' title='bbox 1481 1888 1633 1930; x_wconf 76' lang='lat' dir='ltr'>Corpus,</span> <span class='ocrx_word' id='word_1_212' title='bbox 1655 1888 1723 1921; x_wconf 92' lang='lat' dir='ltr'>blz.</span> <span class='ocrx_word' id='word_1_213' title='bbox 1739 1888 1811 1928; x_wconf 74' lang='lat'>95.)</span> 
     </span>
    </p>

    <p class='ocr_par' dir='ltr' id='par_1_5' title="bbox 155 1940 1810 2203">
     <span class='ocr_line' id='line_1_22' title="bbox 204 1940 1810 1984; baseline 0 -9"><span class='ocrx_word' id='word_1_214' title='bbox 204 1940 218 1962; x_wconf 77' lang='lat'><strong>²</strong></span> <span class='ocrx_word' id='word_1_215' title='bbox 246 1940 308 1975; x_wconf 81' lang='lat' dir='ltr'>Dit</span> <span class='ocrx_word' id='word_1_216' title='bbox 337 1940 524 1975; x_wconf 88' lang='lat' dir='ltr'>herinnert</span> <span class='ocrx_word' id='word_1_217' title='bbox 557 1941 601 1975; x_wconf 91' lang='lat' dir='ltr'>de</span> <span class='ocrx_word' id='word_1_218' title='bbox 635 1952 722 1984; x_wconf 88' lang='lat' dir='ltr'>paus</span> <span class='ocrx_word' id='word_1_219' title='bbox 753 1951 821 1974; x_wconf 87' lang='lat' dir='ltr'>aan</span> <span class='ocrx_word' id='word_1_220' title='bbox 856 1940 925 1974; x_wconf 88' lang='lat' dir='ltr'>den</span> <span class='ocrx_word' id='word_1_221' title='bbox 958 1940 1227 1984; x_wconf 82' lang='lat' dir='ltr'>aartsbisschop</span> <span class='ocrx_word' id='word_1_222' title='bbox 1256 1952 1325 1975; x_wconf 77' lang='lat' dir='ltr'>van</span> <span class='ocrx_word' id='word_1_223' title='bbox 1352 1941 1439 1975; x_wconf 64' lang='lat' dir='ltr'>Fons</span> <span class='ocrx_word' id='word_1_224' title='bbox 1468 1941 1505 1975; x_wconf 91' lang='lat' dir='ltr'>in</span> <span class='ocrx_word' id='word_1_225' title='bbox 1532 1944 1624 1984; x_wconf 79' lang='lat' dir='ltr'>ziJ&#39;ne</span> <span class='ocrx_word' id='word_1_226' title='bbox 1653 1942 1715 1975; x_wconf 88' lang='lat' dir='ltr'>bul</span> <span class='ocrx_word' id='word_1_227' title='bbox 1741 1952 1810 1975; x_wconf 84' lang='lat' dir='ltr'>van</span> 
     </span>
     <span class='ocr_line' id='line_1_23' title="bbox 155 1994 1810 2038; baseline 0.002 -12"><span class='ocrx_word' id='word_1_228' title='bbox 155 1994 198 2026; x_wconf 70' lang='lat'>22</span> <span class='ocrx_word' id='word_1_229' title='bbox 215 1996 400 2038; x_wconf 78' lang='lat' dir='ltr'>Augustus</span> <span class='ocrx_word' id='word_1_230' title='bbox 420 1994 504 2029; x_wconf 70' lang='lat'>1235</span> <span class='ocrx_word' id='word_1_231' title='bbox 520 2007 526 2028; x_wconf 91' lang='lat'><strong>:</strong></span> <span class='ocrx_word' id='word_1_232' title='bbox 556 1996 662 2035; x_wconf 79' lang='lat' dir='ltr'>Sane,</span> <span class='ocrx_word' id='word_1_233' title='bbox 687 1995 824 2029; x_wconf 87' lang='lat' dir='ltr'>dudum</span> <span class='ocrx_word' id='word_1_234' title='bbox 850 1995 977 2029; x_wconf 88' lang='lat' dir='ltr'>audito</span> <span class='ocrx_word' id='word_1_235' title='bbox 995 1995 1091 2037; x_wconf 89' lang='lat' dir='ltr'>quod</span> <span class='ocrx_word' id='word_1_236' title='bbox 1114 1995 1152 2029; x_wconf 90' lang='lat' dir='ltr'>in</span> <span class='ocrx_word' id='word_1_237' title='bbox 1169 2006 1283 2038; x_wconf 84' lang='lat' dir='ltr'>regno</span> <span class='ocrx_word' id='word_1_238' title='bbox 1303 1995 1480 2029; x_wconf 85' lang='lat' dir='ltr'>Franciae</span> <span class='ocrx_word' id='word_1_239' title='bbox 1496 1995 1671 2030; x_wconf 83' lang='lat' dir='ltr'>haeretici</span> <span class='ocrx_word' id='word_1_240' title='bbox 1689 1996 1810 2030; x_wconf 84' lang='lat' dir='ltr'>subre-</span> 
     </span>
     <span class='ocr_line' id='line_1_24' title="bbox 156 2049 1807 2095; baseline 0 -11"><span class='ocrx_word' id='word_1_241' title='bbox 156 2050 301 2093; x_wconf 85' lang='lat' dir='ltr'>pebant,</span> <span class='ocrx_word' id='word_1_242' title='bbox 327 2050 546 2094; x_wconf 81' lang='lat' dir='ltr'>provinciali</span> <span class='ocrx_word' id='word_1_243' title='bbox 571 2050 710 2084; x_wconf 85' lang='lat' dir='ltr'>ordinis</span> <span class='ocrx_word' id='word_1_244' title='bbox 727 2049 1022 2093; x_wconf 85' lang='lat' dir='ltr'>praedicatorum</span> <span class='ocrx_word' id='word_1_245' title='bbox 1047 2050 1085 2084; x_wconf 88' lang='lat' dir='ltr'>in</span> <span class='ocrx_word' id='word_1_246' title='bbox 1102 2050 1227 2085; x_wconf 86' lang='lat' dir='ltr'>eodem</span> <span class='ocrx_word' id='word_1_247' title='bbox 1246 2062 1361 2095; x_wconf 85' lang='lat' dir='ltr'>regno</span> <span class='ocrx_word' id='word_1_248' title='bbox 1378 2051 1543 2086; x_wconf 84' lang='lat' dir='ltr'>dedimus</span> <span class='ocrx_word' id='word_1_249' title='bbox 1559 2051 1597 2085; x_wconf 88' lang='lat' dir='ltr'>in</span> <span class='ocrx_word' id='word_1_250' title='bbox 1614 2051 1807 2091; x_wconf 73' lang='lat' dir='ltr'>mandatis,</span> 
     </span>
     <span class='ocr_line' id='line_1_25' title="bbox 159 2104 1809 2148; baseline 0.001 -10"><span class='ocrx_word' id='word_1_251' title='bbox 159 2107 197 2139; x_wconf 86' lang='lat' dir='ltr'>ut</span> <span class='ocrx_word' id='word_1_252' title='bbox 212 2104 395 2148; x_wconf 80' lang='lat' dir='ltr'>aliquibus</span> <span class='ocrx_word' id='word_1_253' title='bbox 420 2105 594 2139; x_wconf 81' lang='lat' dir='ltr'>fratribus</span> <span class='ocrx_word' id='word_1_254' title='bbox 611 2104 685 2138; x_wconf 81' lang='lat' dir='ltr'>suis</span> <span class='ocrx_word' id='word_1_255' title='bbox 701 2104 795 2148; x_wconf 85' lang='lat' dir='ltr'>aptis</span> <span class='ocrx_word' id='word_1_256' title='bbox 820 2104 866 2139; x_wconf 89' lang='lat' dir='ltr'>ad</span> <span class='ocrx_word' id='word_1_257' title='bbox 882 2104 952 2139; x_wconf 83' lang='lat' dir='ltr'>hoc</span> <span class='ocrx_word' id='word_1_258' title='bbox 970 2104 1246 2148; x_wconf 72' lang='lat' dir='ltr'>inquisitionem</span> <span class='ocrx_word' id='word_1_259' title='bbox 1270 2108 1398 2140; x_wconf 80' lang='lat' dir='ltr'>contra</span> <span class='ocrx_word' id='word_1_260' title='bbox 1414 2106 1496 2141; x_wconf 90' lang='lat' dir='ltr'>illos</span> <span class='ocrx_word' id='word_1_261' title='bbox 1513 2106 1753 2141; x_wconf 81' lang='lat' dir='ltr'>committeret</span> <span class='ocrx_word' id='word_1_262' title='bbox 1771 2106 1809 2140; x_wconf 88' lang='lat' dir='ltr'>in</span> 
     </span>
     <span class='ocr_line' id='line_1_26' title="bbox 155 2159 1107 2203; baseline -0.002 -9"><span class='ocrx_word' id='word_1_263' title='bbox 155 2170 269 2203; x_wconf 83' lang='lat' dir='ltr'>regno</span> <span class='ocrx_word' id='word_1_264' title='bbox 286 2160 461 2203; x_wconf 80' lang='lat' dir='ltr'>praefato.</span> <span class='ocrx_word' id='word_1_265' title='bbox 479 2159 631 2203; x_wconf 87' lang='lat' dir='ltr'>(Ripoll,</span> <span class='ocrx_word' id='word_1_266' title='bbox 651 2160 731 2193; x_wconf 78' lang='lat' dir='ltr'>(leel</span> <span class='ocrx_word' id='word_1_267' title='bbox 752 2159 777 2200; x_wconf 87' lang='grc' dir='ltr'>Ι,</span> <span class='ocrx_word' id='word_1_268' title='bbox 797 2160 864 2193; x_wconf 86' lang='lat' dir='ltr'>blz.</span> <span class='ocrx_word' id='word_1_269' title='bbox 883 2159 938 2200; x_wconf 88' lang='lat'>80,</span> <span class='ocrx_word' id='word_1_270' title='bbox 959 2165 998 2193; x_wconf 74' lang='lat' dir='ltr'>nr</span> <span class='ocrx_word' id='word_1_271' title='bbox 1017 2159 1107 2200; x_wconf 88' lang='grc'>138.)</span> 
     </span>
    </p>

    <p class='ocr_par' dir='ltr' id='par_1_6' title="bbox 155 2213 1809 2532">
     <span class='ocr_line' id='line_1_27' title="bbox 203 2213 1809 2258; baseline 0.001 -10"><span class='ocrx_word' id='word_1_272' title='bbox 203 2215 217 2236; x_wconf 77' lang='lat'>⁵</span> <span class='ocrx_word' id='word_1_273' title='bbox 243 2214 305 2249; x_wconf 87' lang='lat' dir='ltr'>Dit</span> <span class='ocrx_word' id='word_1_274' title='bbox 321 2214 426 2257; x_wconf 84' lang='lat' dir='ltr'>blijkt</span> <span class='ocrx_word' id='word_1_275' title='bbox 443 2215 556 2249; x_wconf 88' lang='lat' dir='ltr'>onder</span> <span class='ocrx_word' id='word_1_276' title='bbox 569 2214 729 2248; x_wconf 80' lang='lat' dir='ltr'>anderen</span> <span class='ocrx_word' id='word_1_277' title='bbox 746 2213 801 2249; x_wconf 85' lang='lat' dir='ltr'>uit</span> <span class='ocrx_word' id='word_1_278' title='bbox 819 2213 897 2248; x_wconf 90' lang='lat' dir='ltr'>drie</span> <span class='ocrx_word' id='word_1_279' title='bbox 915 2214 1028 2248; x_wconf 83' lang='lat' dir='ltr'>latere</span> <span class='ocrx_word' id='word_1_280' title='bbox 1045 2215 1168 2249; x_wconf 89' lang='lat' dir='ltr'>bullen</span> <span class='ocrx_word' id='word_1_281' title='bbox 1186 2226 1193 2247; x_wconf 91' lang='lat'><strong>:</strong></span> <span class='ocrx_word' id='word_1_282' title='bbox 1217 2214 1436 2258; x_wconf 84' lang='lat' dir='ltr'>Scripsimus</span> <span class='ocrx_word' id='word_1_283' title='bbox 1452 2214 1584 2250; x_wconf 83' lang='lat' dir='ltr'>dilecto</span> <span class='ocrx_word' id='word_1_284' title='bbox 1603 2215 1678 2250; x_wconf 87' lang='lat' dir='ltr'>filio</span> <span class='ocrx_word' id='word_1_285' title='bbox 1702 2216 1809 2251; x_wconf 85' lang='lat' dir='ltr'>fratri</span> 
     </span>
     <span class='ocr_line' id='line_1_28' title="bbox 156 2268 1806 2319; baseline -0.001 -16"><span class='ocrx_word' id='word_1_286' title='bbox 156 2268 315 2304; x_wconf 87' lang='lat' dir='ltr'>Roberto</span> <span class='ocrx_word' id='word_1_287' title='bbox 339 2271 375 2304; x_wconf 86' lang='lat' dir='ltr'>et</span> <span class='ocrx_word' id='word_1_288' title='bbox 397 2269 504 2303; x_wconf 84' lang='lat' dir='ltr'>sociis</span> <span class='ocrx_word' id='word_1_289' title='bbox 528 2268 653 2310; x_wconf 80' lang='lat' dir='ltr'>etiam,</span> <span class='ocrx_word' id='word_1_290' title='bbox 679 2271 719 2303; x_wconf 90' lang='lat' dir='ltr'>ut</span> <span class='ocrx_word' id='word_1_291' title='bbox 741 2268 1023 2312; x_wconf 78' lang='lat' dir='ltr'>supersederetis</span> <span class='ocrx_word' id='word_1_292' title='bbox 1048 2280 1069 2303; x_wconf 88' lang='lat' dir='ltr'>a</span> <span class='ocrx_word' id='word_1_293' title='bbox 1094 2272 1219 2312; x_wconf 87' lang='lat' dir='ltr'>coepto</span> <span class='ocrx_word' id='word_1_294' title='bbox 1244 2269 1391 2313; x_wconf 84' lang='lat' dir='ltr'>negotio</span> <span class='ocrx_word' id='word_1_295' title='bbox 1415 2270 1469 2312; x_wconf 76' lang='lat'>(21</span> <span class='ocrx_word' id='word_1_296' title='bbox 1493 2271 1680 2314; x_wconf 84' lang='lat' dir='ltr'>Augustus</span> <span class='ocrx_word' id='word_1_297' title='bbox 1699 2271 1806 2319; x_wconf 73' lang='lat'>12353</span> 
     </span>
     <span class='ocr_line' id='line_1_29' title="bbox 158 2323 1808 2369; baseline 0.001 -12"><span class='ocrx_word' id='word_1_298' title='bbox 158 2324 310 2368; x_wconf 78' lang='lat' dir='ltr'>Corpus,</span> <span class='ocrx_word' id='word_1_299' title='bbox 327 2325 394 2358; x_wconf 90' lang='lat' dir='ltr'>blz.</span> <span class='ocrx_word' id='word_1_300' title='bbox 412 2324 486 2365; x_wconf 88' lang='grc'>100)</span> <span class='ocrx_word' id='word_1_301' title='bbox 502 2336 510 2365; x_wconf 78' lang='lat'>3</span> <span class='ocrx_word' id='word_1_302' title='bbox 531 2323 749 2367; x_wconf 87' lang='lat' dir='ltr'>Scripsimus</span> <span class='ocrx_word' id='word_1_303' title='bbox 762 2323 868 2358; x_wconf 77' lang='lat' dir='ltr'>fratri</span> <span class='ocrx_word' id='word_1_304' title='bbox 883 2323 1044 2358; x_wconf 87' lang='lat' dir='ltr'>Roberto</span> <span class='ocrx_word' id='word_1_305' title='bbox 1059 2326 1093 2358; x_wconf 86' lang='lat' dir='ltr'>et</span> <span class='ocrx_word' id='word_1_306' title='bbox 1110 2324 1203 2365; x_wconf 85' lang='lat' dir='ltr'>aliis,</span> <span class='ocrx_word' id='word_1_307' title='bbox 1222 2324 1284 2367; x_wconf 89' lang='lat' dir='ltr'>qui</span> <span class='ocrx_word' id='word_1_308' title='bbox 1302 2325 1341 2359; x_wconf 91' lang='lat' dir='ltr'>in</span> <span class='ocrx_word' id='word_1_309' title='bbox 1359 2324 1549 2359; x_wconf 82' lang='lat' dir='ltr'>commisso</span> <span class='ocrx_word' id='word_1_310' title='bbox 1575 2324 1642 2359; x_wconf 85' lang='lat' dir='ltr'>sibi</span> <span class='ocrx_word' id='word_1_311' title='bbox 1660 2326 1808 2369; x_wconf 80' lang='lat' dir='ltr'>negotio</span> 
     </span>
     <span class='ocr_line' id='line_1_30' title="bbox 156 2378 1805 2423; baseline 0 -10"><span class='ocrx_word' id='word_1_312' title='bbox 156 2379 351 2421; x_wconf 86' lang='lat' dir='ltr'>procedere</span> <span class='ocrx_word' id='word_1_313' title='bbox 376 2381 569 2422; x_wconf 77' lang='lat' dir='ltr'>coeperant</span> <span class='ocrx_word' id='word_1_314' title='bbox 593 2378 649 2420; x_wconf 72' lang='lat'>&lt;22</span> <span class='ocrx_word' id='word_1_315' title='bbox 674 2380 860 2422; x_wconf 83' lang='lat' dir='ltr'>Augustus</span> <span class='ocrx_word' id='word_1_316' title='bbox 879 2378 963 2411; x_wconf 72' lang='lat'>1235</span> <span class='ocrx_word' id='word_1_317' title='bbox 980 2392 988 2421; x_wconf 71' lang='grc' dir='ltr'><strong>ς</strong></span> <span class='ocrx_word' id='word_1_318' title='bbox 1015 2378 1152 2422; x_wconf 86' lang='lat' dir='ltr'>Ripoll‚</span> <span class='ocrx_word' id='word_1_319' title='bbox 1171 2379 1250 2414; x_wconf 86' lang='lat' dir='ltr'>deel</span> <span class='ocrx_word' id='word_1_320' title='bbox 1264 2379 1292 2419; x_wconf 88' lang='grc' dir='ltr'>Ι,</span> <span class='ocrx_word' id='word_1_321' title='bbox 1317 2380 1386 2413; x_wconf 92' lang='lat' dir='ltr'>blz.</span> <span class='ocrx_word' id='word_1_322' title='bbox 1403 2380 1459 2420; x_wconf 89' lang='grc'>80)</span> <span class='ocrx_word' id='word_1_323' title='bbox 1476 2393 1484 2421; x_wconf 83' lang='grc'><strong>;</strong></span> <span class='ocrx_word' id='word_1_324' title='bbox 1505 2379 1723 2423; x_wconf 84' lang='lat' dir='ltr'>Scripsimus</span> <span class='ocrx_word' id='word_1_325' title='bbox 1740 2380 1805 2415; x_wconf 85' lang='lat' dir='ltr'>tibi</span> 
     </span>
     <span class='ocr_line' id='line_1_31' title="bbox 155 2433 1806 2477; baseline 0.001 -10"><span class='ocrx_word' id='word_1_326' title='bbox 155 2436 191 2468; x_wconf 86' lang='lat' dir='ltr'>et</span> <span class='ocrx_word' id='word_1_327' title='bbox 214 2433 295 2467; x_wconf 83' lang='lat' dir='ltr'>aliis</span> <span class='ocrx_word' id='word_1_328' title='bbox 318 2433 493 2468; x_wconf 81' lang='lat' dir='ltr'>fratribus</span> <span class='ocrx_word' id='word_1_329' title='bbox 516 2436 635 2468; x_wconf 87' lang='lat' dir='ltr'>tecum</span> <span class='ocrx_word' id='word_1_330' title='bbox 660 2434 706 2467; x_wconf 86' lang='lat' dir='ltr'>ad</span> <span class='ocrx_word' id='word_1_331' title='bbox 730 2433 799 2467; x_wconf 89' lang='lat' dir='ltr'>hoc</span> <span class='ocrx_word' id='word_1_332' title='bbox 824 2433 1012 2476; x_wconf 79' lang='lat' dir='ltr'>negotium</span> <span class='ocrx_word' id='word_1_333' title='bbox 1036 2434 1230 2476; x_wconf 80' lang='lat' dir='ltr'>deputatis,</span> <span class='ocrx_word' id='word_1_334' title='bbox 1256 2436 1295 2468; x_wconf 93' lang='lat' dir='ltr'>ut</span> <span class='ocrx_word' id='word_1_335' title='bbox 1320 2433 1601 2477; x_wconf 74' lang='lat' dir='ltr'>supersederetis</span> <span class='ocrx_word' id='word_1_336' title='bbox 1625 2445 1646 2468; x_wconf 86' lang='lat' dir='ltr'>a</span> <span class='ocrx_word' id='word_1_337' title='bbox 1680 2438 1806 2477; x_wconf 81' lang='lat' dir='ltr'>coepto</span> 
     </span>
     <span class='ocr_line' id='line_1_32' title="bbox 155 2487 1091 2532; baseline -0.001 -10"><span class='ocrx_word' id='word_1_338' title='bbox 155 2488 312 2531; x_wconf 85' lang='lat' dir='ltr'>negotio.</span> <span class='ocrx_word' id='word_1_339' title='bbox 332 2488 388 2529; x_wconf 78' lang='lat'>(23</span> <span class='ocrx_word' id='word_1_340' title='bbox 403 2489 589 2531; x_wconf 76' lang='lat' dir='ltr'>Augustus</span> <span class='ocrx_word' id='word_1_341' title='bbox 608 2487 693 2519; x_wconf 66' lang='lat'>1935</span> <span class='ocrx_word' id='word_1_342' title='bbox 709 2500 717 2530; x_wconf 89' lang='lat'>;</span> <span class='ocrx_word' id='word_1_343' title='bbox 740 2488 893 2532; x_wconf 76' lang='lat' dir='ltr'>Corpus,</span> <span class='ocrx_word' id='word_1_344' title='bbox 912 2488 981 2521; x_wconf 88' lang='lat' dir='ltr'>blz.</span> <span class='ocrx_word' id='word_1_345' title='bbox 1001 2487 1091 2529; x_wconf 84' lang='lat'>101.)</span> 
     </span>
    </p>

    <p class='ocr_par' dir='ltr' id='par_1_7' title="bbox 152 2540 1805 2915">
     <span class='ocr_line' id='line_1_33' title="bbox 202 2540 1805 2584; baseline 0.002 -9"><span class='ocrx_word' id='word_1_346' title='bbox 202 2542 216 2563; x_wconf 72' lang='lat'>⁴</span> <span class='ocrx_word' id='word_1_347' title='bbox 246 2541 296 2576; x_wconf 91' lang='lat' dir='ltr'>De</span> <span class='ocrx_word' id='word_1_348' title='bbox 320 2544 501 2584; x_wconf 85' lang='lat' dir='ltr'>protesten</span> <span class='ocrx_word' id='word_1_349' title='bbox 525 2541 589 2575; x_wconf 83' lang='lat' dir='ltr'>der</span> <span class='ocrx_word' id='word_1_350' title='bbox 613 2541 797 2576; x_wconf 87' lang='lat' dir='ltr'>Fransche</span> <span class='ocrx_word' id='word_1_351' title='bbox 814 2540 1054 2584; x_wconf 83' lang='lat' dir='ltr'>bisschoppen</span> <span class='ocrx_word' id='word_1_352' title='bbox 1070 2543 1140 2584; x_wconf 75' lang='lat' dir='ltr'>ziJn</span> <span class='ocrx_word' id='word_1_353' title='bbox 1158 2542 1326 2576; x_wconf 77' lang='lat' dir='ltr'>verloren</span> <span class='ocrx_word' id='word_1_354' title='bbox 1344 2553 1351 2583; x_wconf 89' lang='lat'>;</span> <span class='ocrx_word' id='word_1_355' title='bbox 1377 2553 1479 2576; x_wconf 89' lang='lat' dir='ltr'>maar</span> <span class='ocrx_word' id='word_1_356' title='bbox 1496 2542 1534 2576; x_wconf 93' lang='lat' dir='ltr'>in</span> <span class='ocrx_word' id='word_1_357' title='bbox 1551 2542 1662 2578; x_wconf 85' lang='lat' dir='ltr'>latere</span> <span class='ocrx_word' id='word_1_358' title='bbox 1681 2544 1805 2578; x_wconf 86' lang='lat' dir='ltr'>bullen</span> 
     </span>
     <span class='ocr_line' id='line_1_34' title="bbox 155 2596 1805 2642; baseline 0.001 -10"><span class='ocrx_word' id='word_1_359' title='bbox 155 2598 264 2642; x_wconf 85' lang='lat' dir='ltr'>sprak</span> <span class='ocrx_word' id='word_1_360' title='bbox 277 2608 316 2632; x_wconf 89' lang='lat' dir='ltr'>er</span> <span class='ocrx_word' id='word_1_361' title='bbox 333 2598 376 2631; x_wconf 89' lang='lat' dir='ltr'>de</span> <span class='ocrx_word' id='word_1_362' title='bbox 392 2608 480 2640; x_wconf 86' lang='lat' dir='ltr'>paus</span> <span class='ocrx_word' id='word_1_363' title='bbox 497 2597 577 2631; x_wconf 86' lang='lat' dir='ltr'>heel</span> <span class='ocrx_word' id='word_1_364' title='bbox 591 2596 769 2639; x_wconf 86' lang='lat' dir='ltr'>duidelijk</span> <span class='ocrx_word' id='word_1_365' title='bbox 786 2608 872 2630; x_wconf 88' lang='lat' dir='ltr'>over</span> <span class='ocrx_word' id='word_1_366' title='bbox 887 2607 894 2628; x_wconf 93' lang='lat'>:</span> <span class='ocrx_word' id='word_1_367' title='bbox 913 2597 969 2631; x_wconf 91' lang='lat' dir='ltr'>Ad</span> <span class='ocrx_word' id='word_1_368' title='bbox 986 2596 1193 2639; x_wconf 85' lang='lat' dir='ltr'>aliquorum</span> <span class='ocrx_word' id='word_1_369' title='bbox 1210 2608 1389 2638; x_wconf 88' lang='lat' dir='ltr'>murmur,</span> <span class='ocrx_word' id='word_1_370' title='bbox 1410 2597 1473 2640; x_wconf 85' lang='lat' dir='ltr'>qui</span> <span class='ocrx_word' id='word_1_371' title='bbox 1487 2609 1559 2632; x_wconf 90' lang='lat' dir='ltr'>non</span> <span class='ocrx_word' id='word_1_372' title='bbox 1573 2598 1805 2641; x_wconf 84' lang='lat' dir='ltr'>patiebantur</span> 
     </span>
     <span class='ocr_line' id='line_1_35' title="bbox 154 2651 1804 2696; baseline 0.001 -9"><span class='ocrx_word' id='word_1_373' title='bbox 154 2656 189 2687; x_wconf 85' lang='lat' dir='ltr'>te</span> <span class='ocrx_word' id='word_1_374' title='bbox 206 2656 268 2687; x_wconf 89' lang='lat' dir='ltr'>aut</span> <span class='ocrx_word' id='word_1_375' title='bbox 281 2653 410 2687; x_wconf 84' lang='lat' dir='ltr'>fratres</span> <span class='ocrx_word' id='word_1_376' title='bbox 427 2655 507 2686; x_wconf 80' lang='lat' dir='ltr'>tuos</span> <span class='ocrx_word' id='word_1_377' title='bbox 524 2651 562 2685; x_wconf 89' lang='lat' dir='ltr'>in</span> <span class='ocrx_word' id='word_1_378' title='bbox 579 2651 742 2695; x_wconf 82' lang='lat' dir='ltr'>partibus</span> <span class='ocrx_word' id='word_1_379' title='bbox 761 2651 957 2685; x_wconf 80' lang='lat' dir='ltr'>Gallicanis</span> <span class='ocrx_word' id='word_1_380' title='bbox 971 2652 1016 2686; x_wconf 85' lang='lat' dir='ltr'>ad</span> <span class='ocrx_word' id='word_1_381' title='bbox 1029 2651 1288 2694; x_wconf 86' lang='lat' dir='ltr'>inquirendum</span> <span class='ocrx_word' id='word_1_382' title='bbox 1302 2663 1410 2695; x_wconf 84' lang='lat' dir='ltr'>super</span> <span class='ocrx_word' id='word_1_383' title='bbox 1428 2652 1611 2687; x_wconf 86' lang='lat' dir='ltr'>haeretica</span> <span class='ocrx_word' id='word_1_384' title='bbox 1625 2653 1804 2696; x_wconf 83' lang='lat' dir='ltr'>pravitate</span> 
     </span>
     <span class='ocr_line' id='line_1_36' title="bbox 152 2706 1800 2753; baseline 0 -11"><span class='ocrx_word' id='word_1_385' title='bbox 152 2708 358 2752; x_wconf 74' lang='lat' dir='ltr'>procedere,</span> <span class='ocrx_word' id='word_1_386' title='bbox 378 2719 482 2751; x_wconf 85' lang='lat' dir='ltr'>quae,</span> <span class='ocrx_word' id='word_1_387' title='bbox 502 2709 541 2741; x_wconf 86' lang='lat' dir='ltr'>ut</span> <span class='ocrx_word' id='word_1_388' title='bbox 555 2707 713 2749; x_wconf 79' lang='lat' dir='ltr'>aiebant,</span> <span class='ocrx_word' id='word_1_389' title='bbox 730 2707 772 2741; x_wconf 86' lang='lat' dir='ltr'>de</span> <span class='ocrx_word' id='word_1_390' title='bbox 788 2706 929 2741; x_wconf 87' lang='lat' dir='ltr'>haeresi</span> <span class='ocrx_word' id='word_1_391' title='bbox 947 2718 1019 2741; x_wconf 92' lang='lat' dir='ltr'>non</span> <span class='ocrx_word' id='word_1_392' title='bbox 1033 2707 1177 2742; x_wconf 83' lang='lat' dir='ltr'>fucrant</span> <span class='ocrx_word' id='word_1_393' title='bbox 1195 2707 1406 2741; x_wconf 85' lang='lat' dir='ltr'>infamatae.</span> <span class='ocrx_word' id='word_1_394' title='bbox 1422 2707 1473 2750; x_wconf 73' lang='grc'>(21</span> <span class='ocrx_word' id='word_1_395' title='bbox 1491 2709 1678 2752; x_wconf 81' lang='lat' dir='ltr'>Augustus</span> <span class='ocrx_word' id='word_1_396' title='bbox 1694 2709 1776 2742; x_wconf 68' lang='lat'>1235</span> <span class='ocrx_word' id='word_1_397' title='bbox 1792 2723 1800 2753; x_wconf 67' lang='grc' dir='ltr'><strong>ς</strong></span> 
     </span>
     <span class='ocr_line' id='line_1_37' title="bbox 157 2762 1802 2808; baseline 0.001 -10"><span class='ocrx_word' id='word_1_398' title='bbox 157 2765 307 2808; x_wconf 77' lang='lat' dir='ltr'>Corpus,</span> <span class='ocrx_word' id='word_1_399' title='bbox 333 2764 402 2798; x_wconf 90' lang='lat' dir='ltr'>blz.</span> <span class='ocrx_word' id='word_1_400' title='bbox 430 2763 527 2806; x_wconf 65' lang='lat'>10013</span> <span class='ocrx_word' id='word_1_401' title='bbox 556 2763 754 2797; x_wconf 86' lang='lat' dir='ltr'>Multorum</span> <span class='ocrx_word' id='word_1_402' title='bbox 780 2762 1007 2806; x_wconf 88' lang='lat' dir='ltr'>postmodum</span> <span class='ocrx_word' id='word_1_403' title='bbox 1031 2763 1246 2798; x_wconf 84' lang='lat' dir='ltr'>ascendente</span> <span class='ocrx_word' id='word_1_404' title='bbox 1274 2774 1463 2798; x_wconf 87' lang='lat' dir='ltr'>murmure</span> <span class='ocrx_word' id='word_1_405' title='bbox 1486 2764 1727 2800; x_wconf 85' lang='lat' dir='ltr'>astruentium</span> <span class='ocrx_word' id='word_1_406' title='bbox 1758 2765 1802 2800; x_wconf 89' lang='lat' dir='ltr'>de</span> 
     </span>
     <span class='ocr_line' id='line_1_38' title="bbox 155 2816 1802 2861; baseline 0.002 -9"><span class='ocrx_word' id='word_1_407' title='bbox 155 2817 368 2861; x_wconf 86' lang='lat' dir='ltr'>quibusdam</span> <span class='ocrx_word' id='word_1_408' title='bbox 384 2816 595 2861; x_wconf 79' lang='lat' dir='ltr'>provinciis,</span> <span class='ocrx_word' id='word_1_409' title='bbox 615 2817 710 2860; x_wconf 88' lang='lat' dir='ltr'>quod</span> <span class='ocrx_word' id='word_1_410' title='bbox 727 2816 765 2851; x_wconf 91' lang='lat' dir='ltr'>in</span> <span class='ocrx_word' id='word_1_411' title='bbox 785 2816 836 2851; x_wconf 91' lang='lat' dir='ltr'>eis</span> <span class='ocrx_word' id='word_1_412' title='bbox 852 2816 1061 2860; x_wconf 83' lang='lat' dir='ltr'>hujusmodi</span> <span class='ocrx_word' id='word_1_413' title='bbox 1087 2827 1157 2851; x_wconf 88' lang='lat' dir='ltr'>non</span> <span class='ocrx_word' id='word_1_414' title='bbox 1177 2817 1323 2852; x_wconf 84' lang='lat' dir='ltr'>deberet</span> <span class='ocrx_word' id='word_1_415' title='bbox 1339 2817 1529 2860; x_wconf 83' lang='lat' dir='ltr'>inquisitio</span> <span class='ocrx_word' id='word_1_416' title='bbox 1547 2817 1639 2859; x_wconf 83' lang='lat' dir='ltr'>fieri,</span> <span class='ocrx_word' id='word_1_417' title='bbox 1659 2830 1741 2853; x_wconf 89' lang='lat' dir='ltr'>cum</span> <span class='ocrx_word' id='word_1_418' title='bbox 1758 2820 1802 2855; x_wconf 86' lang='lat' dir='ltr'>de</span> 
     </span>
     <span class='ocr_line' id='line_1_39' title="bbox 154 2870 1630 2915; baseline 0 -9"><span class='ocrx_word' id='word_1_419' title='bbox 154 2872 295 2907; x_wconf 88' lang='lat' dir='ltr'>haeresi</span> <span class='ocrx_word' id='word_1_420' title='bbox 312 2883 384 2906; x_wconf 88' lang='lat' dir='ltr'>non</span> <span class='ocrx_word' id='word_1_421' title='bbox 397 2871 534 2907; x_wconf 86' lang='lat' dir='ltr'>fuerint</span> <span class='ocrx_word' id='word_1_422' title='bbox 550 2871 758 2906; x_wconf 85' lang='lat' dir='ltr'>infamatae.</span> <span class='ocrx_word' id='word_1_423' title='bbox 779 2871 834 2913; x_wconf 69' lang='lat'>(22</span> <span class='ocrx_word' id='word_1_424' title='bbox 849 2873 1034 2915; x_wconf 80' lang='lat' dir='ltr'>Augustus</span> <span class='ocrx_word' id='word_1_425' title='bbox 1048 2871 1132 2904; x_wconf 72' lang='lat'>1235</span> <span class='ocrx_word' id='word_1_426' title='bbox 1149 2884 1157 2913; x_wconf 81' lang='lat'><em>3</em></span> <span class='ocrx_word' id='word_1_427' title='bbox 1177 2870 1313 2915; x_wconf 85' lang='lat' dir='ltr'>Ripoll,</span> <span class='ocrx_word' id='word_1_428' title='bbox 1331 2871 1411 2906; x_wconf 89' lang='lat' dir='ltr'>deel</span> <span class='ocrx_word' id='word_1_429' title='bbox 1428 2872 1454 2913; x_wconf 87' lang='lat' dir='ltr'>I,</span> <span class='ocrx_word' id='word_1_430' title='bbox 1474 2873 1542 2907; x_wconf 91' lang='lat' dir='ltr'>blz.</span> <span class='ocrx_word' id='word_1_431' title='bbox 1559 2872 1630 2914; x_wconf 87' lang='lat'><strong>80.)</strong></span> 
     </span>
    </p>

    <p class='ocr_par' dir='ltr' id='par_1_8' title="bbox 158 2924 1800 3023">
     <span class='ocr_line' id='line_1_40' title="bbox 204 2924 1800 2975; baseline 0.003 -15"><span class='ocrx_word' id='word_1_432' title='bbox 204 2927 218 2948; x_wconf 66' lang='grc' dir='ltr'><strong>ὅ</strong></span> <span class='ocrx_word' id='word_1_433' title='bbox 247 2928 288 2961; x_wconf 88' lang='grc' dir='ltr'>Ρ.</span> <span class='ocrx_word' id='word_1_434' title='bbox 303 2926 430 2967; x_wconf 68' lang='lat' dir='ltr'>Varin,</span> <span class='ocrx_word' id='word_1_435' title='bbox 449 2924 624 2960; x_wconf 58' lang='lat' dir='ltr'>Archia-es</span> <span class='ocrx_word' id='word_1_436' title='bbox 643 2926 963 2961; x_wconf 50' lang='lat' dir='ltr'>administratives</span> <span class='ocrx_word' id='word_1_437' title='bbox 981 2926 1026 2960; x_wconf 77' lang='lat' dir='ltr'>(Ze</span> <span class='ocrx_word' id='word_1_438' title='bbox 1043 2926 1080 2961; x_wconf 83' lang='lat' dir='ltr'>Ia</span> <span class='ocrx_word' id='word_1_439' title='bbox 1098 2925 1185 2960; x_wconf 78' lang='lat' dir='ltr'>ville</span> <span class='ocrx_word' id='word_1_440' title='bbox 1201 2926 1399 2971; x_wconf 43' lang='lat' dir='ltr'>cle-Reinzs,</span> <span class='ocrx_word' id='word_1_441' title='bbox 1418 2926 1497 2962; x_wconf 85' lang='lat' dir='ltr'>deel</span> <span class='ocrx_word' id='word_1_442' title='bbox 1515 2928 1538 2969; x_wconf 85' lang='grc' dir='ltr'>Ι,</span> <span class='ocrx_word' id='word_1_443' title='bbox 1554 2927 1688 2965; x_wconf 76' lang='lat' dir='ltr'>tweede</span> <span class='ocrx_word' id='word_1_444' title='bbox 1702 2928 1800 2975; x_wconf 68' lang='lat' dir='ltr'>stult,</span> 
     </span>
     <span class='ocr_line' id='line_1_41' title="bbox 158 2978 822 3023; baseline -0.006 -9"><span class='ocrx_word' id='word_1_445' title='bbox 158 2979 224 3014; x_wconf 88' lang='lat' dir='ltr'>blz.</span> <span class='ocrx_word' id='word_1_446' title='bbox 243 2979 317 3020; x_wconf 75' lang='lat'>573,</span> <span class='ocrx_word' id='word_1_447' title='bbox 334 2979 421 3021; x_wconf 75' lang='lat'>5743</span> <span class='ocrx_word' id='word_1_448' title='bbox 442 2979 592 3023; x_wconf 57' lang='lat' dir='ltr'>Comus,</span> <span class='ocrx_word' id='word_1_449' title='bbox 608 2978 675 3013; x_wconf 81' lang='lat' dir='ltr'>blz.</span> <span class='ocrx_word' id='word_1_450' title='bbox 693 2979 747 3021; x_wconf 74' lang='lat'>94,</span> <span class='ocrx_word' id='word_1_451' title='bbox 766 2978 822 3011; x_wconf 80' lang='lat'>95.</span> 
     </span>
    </p>
   </div>
  </div>
 </body>
</html>
