<?xml version="1.0" encoding="UTF-8"?>
<!DOCTYPE html PUBLIC "-//W3C//DTD XHTML 1.0 Transitional//EN"
    "http://www.w3.org/TR/xhtml1/DTD/xhtml1-transitional.dtd">
<html xmlns="http://www.w3.org/1999/xhtml" xml:lang="en" lang="en">
 <head>
  <title>
</title>
<meta http-equiv="Content-Type" content="text/html;charset=utf-8" />
  <meta name='ocr-system' content='tesseract 3.04.00' />
  <meta name='ocr-capabilities' content='ocr_page ocr_carea ocr_par ocr_line ocrx_word'/>
</head>
<body>
  <div class='ocr_page' id='page_1' title='image "./inquisitiohaeret01fruoft/inquisitiohaeret01fruoft_0108.png"; bbox 0 0 2220 3471; ppageno 0'>
   <div class='ocr_carea' id='block_1_1' title="bbox 662 691 1614 756">
    <p class='ocr_par' dir='ltr' id='par_1_1' title="bbox 662 691 1614 756">
     <span class='ocr_line' id='line_1_1' title="bbox 662 691 1614 756; baseline -0.004 0"><span class='ocrx_word' id='word_1_1' title='bbox 662 694 1052 756; x_wconf 88' lang='lat' dir='ltr'><strong>ZEVENDE</strong></span> <span class='ocrx_word' id='word_1_2' title='bbox 1103 691 1614 755; x_wconf 86' lang='lat' dir='ltr'>HOOFDSTUK</span> 
     </span>
    </p>
   </div>
   <div class='ocr_carea' id='block_1_2' title="bbox 407 877 1874 989">
    <p class='ocr_par' dir='ltr' id='par_1_2' title="bbox 407 877 1874 989">
     <span class='ocr_line' id='line_1_2' title="bbox 407 877 1874 914; baseline -0.002 -1"><span class='ocrx_word' id='word_1_3' title='bbox 407 879 707 914; x_wconf 81' lang='lat' dir='ltr'>DRUKKING</span> <span class='ocrx_word' id='word_1_4' title='bbox 745 878 898 912; x_wconf 89' lang='lat' dir='ltr'>DOOR</span> <span class='ocrx_word' id='word_1_5' title='bbox 937 879 1008 910; x_wconf 87' lang='lat' dir='ltr'>DE</span> <span class='ocrx_word' id='word_1_6' title='bbox 1047 879 1203 911; x_wconf 80' lang='lat' dir='ltr'>KERK</span> <span class='ocrx_word' id='word_1_7' title='bbox 1247 878 1316 911; x_wconf 90' lang='grc' dir='ltr'>ΟΡ</span> <span class='ocrx_word' id='word_1_8' title='bbox 1355 879 1427 911; x_wconf 86' lang='lat' dir='ltr'>DE</span> <span class='ocrx_word' id='word_1_9' title='bbox 1465 877 1874 911; x_wconf 78' lang='lat' dir='ltr'>WERELDLIJKE</span> 
     </span>
     <span class='ocr_line' id='line_1_3' title="bbox 824 954 1452 989; baseline -0.002 -1"><span class='ocrx_word' id='word_1_10' title='bbox 824 955 1018 988; x_wconf 84' lang='lat' dir='ltr'>MAGHT</span> <span class='ocrx_word' id='word_1_11' title='bbox 1060 954 1452 989; x_wconf 78' lang='lat' dir='ltr'><strong>UITGEOEFEND</strong></span> 
     </span>
    </p>
   </div>
   <div class='ocr_carea' id='block_1_3' title="bbox 315 1323 1975 2667">
    <p class='ocr_par' dir='ltr' id='par_1_3' title="bbox 315 1323 1970 1941">
     <span class='ocr_line' id='line_1_4' title="bbox 379 1323 1964 1381; baseline -0.003 -11"><span class='ocrx_word' id='word_1_12' title='bbox 379 1329 438 1370; x_wconf 89' lang='lat' dir='ltr'>De</span> <span class='ocrx_word' id='word_1_13' title='bbox 472 1327 729 1381; x_wconf 82' lang='lat' dir='ltr'>ondergang</span> <span class='ocrx_word' id='word_1_14' title='bbox 761 1339 845 1368; x_wconf 81' lang='lat' dir='ltr'>van</span> <span class='ocrx_word' id='word_1_15' title='bbox 878 1325 956 1367; x_wconf 88' lang='lat' dir='ltr'>het</span> <span class='ocrx_word' id='word_1_16' title='bbox 989 1323 1277 1367; x_wconf 80' lang='lat' dir='ltr'>Romeinsche</span> <span class='ocrx_word' id='word_1_17' title='bbox 1302 1323 1536 1380; x_wconf 86' lang='lat' dir='ltr'>keizerrijk</span> <span class='ocrx_word' id='word_1_18' title='bbox 1570 1323 1613 1365; x_wconf 89' lang='lat' dir='ltr'>in</span> <span class='ocrx_word' id='word_1_19' title='bbox 1638 1324 1964 1380; x_wconf 82' lang='lat' dir='ltr'>West-Europa</span> 
     </span>
     <span class='ocr_line' id='line_1_5' title="bbox 318 1395 1965 1458; baseline -0.004 -14"><span class='ocrx_word' id='word_1_20' title='bbox 318 1399 535 1458; x_wconf 26' lang='lat' dir='ltr'>(we-&gt;had</span> <span class='ocrx_word' id='word_1_21' title='bbox 556 1399 635 1441; x_wconf 87' lang='lat' dir='ltr'>ook</span> <span class='ocrx_word' id='word_1_22' title='bbox 655 1402 717 1441; x_wconf 83' lang='lat' dir='ltr'>tot</span> <span class='ocrx_word' id='word_1_23' title='bbox 740 1398 782 1439; x_wconf 86' lang='lat' dir='ltr'>in</span> <span class='ocrx_word' id='word_1_24' title='bbox 801 1397 957 1439; x_wconf 84' lang='lat' dir='ltr'>zekere</span> <span class='ocrx_word' id='word_1_25' title='bbox 981 1399 1094 1438; x_wconf 88' lang='lat' dir='ltr'>mate</span> <span class='ocrx_word' id='word_1_26' title='bbox 1113 1396 1195 1437; x_wconf 92' lang='lat' dir='ltr'>den</span> <span class='ocrx_word' id='word_1_27' title='bbox 1215 1396 1469 1450; x_wconf 81' lang='lat' dir='ltr'>ondergang</span> <span class='ocrx_word' id='word_1_28' title='bbox 1487 1395 1564 1437; x_wconf 92' lang='lat' dir='ltr'>der</span> <span class='ocrx_word' id='word_1_29' title='bbox 1580 1395 1834 1451; x_wconf 87' lang='lat' dir='ltr'>keizerlijke</span> <span class='ocrx_word' id='word_1_30' title='bbox 1852 1399 1965 1438; x_wconf 82' lang='lat' dir='ltr'>wet-</span> 
     </span>
     <span class='ocr_line' id='line_1_6' title="bbox 320 1466 1965 1527; baseline -0.003 -13"><span class='ocrx_word' id='word_1_31' title='bbox 320 1472 482 1527; x_wconf 84' lang='lat' dir='ltr'>geving</span> <span class='ocrx_word' id='word_1_32' title='bbox 499 1473 573 1513; x_wconf 86' lang='lat' dir='ltr'>ten</span> <span class='ocrx_word' id='word_1_33' title='bbox 593 1470 790 1526; x_wconf 79' lang='lat' dir='ltr'>gevolge,</span> <span class='ocrx_word' id='word_1_34' title='bbox 819 1468 972 1510; x_wconf 83' lang='lat' dir='ltr'>zoodat</span> <span class='ocrx_word' id='word_1_35' title='bbox 997 1468 1048 1509; x_wconf 86' lang='lat' dir='ltr'>de</span> <span class='ocrx_word' id='word_1_36' title='bbox 1081 1470 1259 1522; x_wconf 85' lang='lat' dir='ltr'>strenge</span> <span class='ocrx_word' id='word_1_37' title='bbox 1282 1466 1539 1522; x_wconf 86' lang='lat' dir='ltr'>bepalingen</span> <span class='ocrx_word' id='word_1_38' title='bbox 1565 1470 1695 1522; x_wconf 83' lang='lat' dir='ltr'>tegen</span> <span class='ocrx_word' id='word_1_39' title='bbox 1719 1466 1770 1508; x_wconf 91' lang='lat' dir='ltr'>de</span> <span class='ocrx_word' id='word_1_40' title='bbox 1795 1466 1965 1510; x_wconf 88' lang='lat' dir='ltr'>ketters</span> 
     </span>
     <span class='ocr_line' id='line_1_7' title="bbox 318 1535 1964 1595; baseline -0.004 -10"><span class='ocrx_word' id='word_1_41' title='bbox 318 1543 363 1585; x_wconf 92' lang='lat' dir='ltr'>in</span> <span class='ocrx_word' id='word_1_42' title='bbox 401 1542 552 1584; x_wconf 85' lang='lat' dir='ltr'>verval</span> <span class='ocrx_word' id='word_1_43' title='bbox 586 1554 735 1583; x_wconf 80' lang='lat' dir='ltr'><strong>waren</strong></span> <span class='ocrx_word' id='word_1_44' title='bbox 770 1540 971 1595; x_wconf 77' lang='lat' dir='ltr'>geraakt.</span> <span class='ocrx_word' id='word_1_45' title='bbox 1009 1539 1135 1580; x_wconf 87' lang='lat' dir='ltr'>Eerst</span> <span class='ocrx_word' id='word_1_46' title='bbox 1169 1538 1212 1580; x_wconf 88' lang='lat' dir='ltr'>in</span> <span class='ocrx_word' id='word_1_47' title='bbox 1256 1538 1307 1579; x_wconf 89' lang='lat' dir='ltr'>de</span> <span class='ocrx_word' id='word_1_48' title='bbox 1350 1535 1442 1581; x_wconf 70' lang='lat' dir='ltr'>llde</span> <span class='ocrx_word' id='word_1_49' title='bbox 1486 1551 1610 1580; x_wconf 81' lang='lat' dir='ltr'>eeuw</span> <span class='ocrx_word' id='word_1_50' title='bbox 1654 1536 1878 1593; x_wconf 80' lang='lat' dir='ltr'>herbegon</span> <span class='ocrx_word' id='word_1_51' title='bbox 1922 1538 1964 1580; x_wconf 92' lang='lat' dir='ltr'>in</span> 
     </span>
     <span class='ocr_line' id='line_1_8' title="bbox 318 1608 1967 1665; baseline -0.004 -9"><span class='ocrx_word' id='word_1_52' title='bbox 318 1616 348 1656; x_wconf 90' lang='lat' dir='ltr'>’t</span> <span class='ocrx_word' id='word_1_53' title='bbox 371 1614 558 1657; x_wconf 89' lang='lat' dir='ltr'>Westen</span> <span class='ocrx_word' id='word_1_54' title='bbox 582 1611 632 1654; x_wconf 90' lang='lat' dir='ltr'>de</span> <span class='ocrx_word' id='word_1_55' title='bbox 658 1610 1082 1665; x_wconf 81' lang='lat' dir='ltr'>kettervervolging‚</span> <span class='ocrx_word' id='word_1_56' title='bbox 1109 1623 1231 1651; x_wconf 85' lang='lat' dir='ltr'>waar</span> <span class='ocrx_word' id='word_1_57' title='bbox 1252 1609 1490 1651; x_wconf 88' lang='lat' dir='ltr'>aanstonds</span> <span class='ocrx_word' id='word_1_58' title='bbox 1515 1608 1669 1651; x_wconf 88' lang='lat' dir='ltr'>enkele</span> <span class='ocrx_word' id='word_1_59' title='bbox 1693 1608 1967 1665; x_wconf 87' lang='lat' dir='ltr'>wereldlijke</span> 
     </span>
     <span class='ocr_line' id='line_1_9' title="bbox 315 1679 1962 1736; baseline -0.003 -9"><span class='ocrx_word' id='word_1_60' title='bbox 315 1687 496 1727; x_wconf 86' lang='lat' dir='ltr'>vorsten</span> <span class='ocrx_word' id='word_1_61' title='bbox 520 1697 599 1726; x_wconf 84' lang='lat' dir='ltr'>een</span> <span class='ocrx_word' id='word_1_62' title='bbox 624 1682 914 1736; x_wconf 82' lang='lat' dir='ltr'>kraehtdadig</span> <span class='ocrx_word' id='word_1_63' title='bbox 937 1680 1114 1724; x_wconf 88' lang='lat' dir='ltr'>aandeel</span> <span class='ocrx_word' id='word_1_64' title='bbox 1151 1680 1195 1722; x_wconf 86' lang='lat' dir='ltr'>in</span> <span class='ocrx_word' id='word_1_65' title='bbox 1230 1693 1406 1722; x_wconf 87' lang='lat' dir='ltr'>namen.</span> <span class='ocrx_word' id='word_1_66' title='bbox 1443 1680 1577 1722; x_wconf 89' lang='lat' dir='ltr'>Alzoo</span> <span class='ocrx_word' id='word_1_67' title='bbox 1611 1693 1746 1736; x_wconf 86' lang='lat' dir='ltr'>zagen</span> <span class='ocrx_word' id='word_1_68' title='bbox 1781 1679 1852 1736; x_wconf 88' lang='lat' dir='ltr'>wij</span> <span class='ocrx_word' id='word_1_69' title='bbox 1880 1679 1962 1722; x_wconf 90' lang='lat' dir='ltr'>den</span> 
     </span>
     <span class='ocr_line' id='line_1_10' title="bbox 316 1749 1968 1809; baseline -0.004 -10"><span class='ocrx_word' id='word_1_70' title='bbox 316 1755 573 1798; x_wconf 85' lang='lat' dir='ltr'>Fransohen</span> <span class='ocrx_word' id='word_1_71' title='bbox 595 1753 762 1809; x_wconf 80' lang='lat' dir='ltr'>koning</span> <span class='ocrx_word' id='word_1_72' title='bbox 785 1752 947 1796; x_wconf 82' lang='lat' dir='ltr'>Rebert</span> <span class='ocrx_word' id='word_1_73' title='bbox 972 1753 1012 1794; x_wconf 81' lang='lat' dir='ltr'>II</span> <span class='ocrx_word' id='word_1_74' title='bbox 1035 1752 1118 1794; x_wconf 85' lang='lat' dir='ltr'>den</span> <span class='ocrx_word' id='word_1_75' title='bbox 1139 1754 1302 1795; x_wconf 86' lang='lat' dir='ltr'>Vrome</span> <span class='ocrx_word' id='word_1_76' title='bbox 1326 1752 1368 1794; x_wconf 85' lang='lat' dir='ltr'>in</span> <span class='ocrx_word' id='word_1_77' title='bbox 1392 1751 1506 1794; x_wconf 75' lang='lat'>1022</span> <span class='ocrx_word' id='word_1_78' title='bbox 1531 1754 1576 1793; x_wconf 92' lang='lat' dir='ltr'>te</span> <span class='ocrx_word' id='word_1_79' title='bbox 1598 1749 1781 1793; x_wconf 85' lang='lat' dir='ltr'>Orle&#39;ans</span> <span class='ocrx_word' id='word_1_80' title='bbox 1798 1751 1968 1794; x_wconf 88' lang='lat' dir='ltr'>ketters</span> 
     </span>
     <span class='ocr_line' id='line_1_11' title="bbox 317 1822 1970 1881; baseline -0.004 -11"><span class='ocrx_word' id='word_1_81' title='bbox 317 1830 387 1870; x_wconf 88' lang='lat' dir='ltr'>ter</span> <span class='ocrx_word' id='word_1_82' title='bbox 409 1827 518 1869; x_wconf 86' lang='grc' dir='ltr'>(10οᾰ</span> <span class='ocrx_word' id='word_1_83' title='bbox 540 1826 760 1881; x_wconf 84' lang='lat' dir='ltr'>brengen;</span> <span class='ocrx_word' id='word_1_84' title='bbox 788 1825 830 1866; x_wconf 91' lang='lat' dir='ltr'>in</span> <span class='ocrx_word' id='word_1_85' title='bbox 859 1824 967 1867; x_wconf 87' lang='grc'>1051</span> <span class='ocrx_word' id='word_1_86' title='bbox 1007 1837 1060 1866; x_wconf 89' lang='lat' dir='ltr'>en</span> <span class='ocrx_word' id='word_1_87' title='bbox 1099 1823 1212 1866; x_wconf 80' lang='lat'>1052</span> <span class='ocrx_word' id='word_1_88' title='bbox 1247 1823 1353 1865; x_wconf 91' lang='lat' dir='ltr'>deed</span> <span class='ocrx_word' id='word_1_89' title='bbox 1386 1822 1535 1865; x_wconf 89' lang='lat' dir='ltr'>keizer</span> <span class='ocrx_word' id='word_1_90' title='bbox 1568 1822 1767 1865; x_wconf 88' lang='lat' dir='ltr'>Hendrik</span> <span class='ocrx_word' id='word_1_91' title='bbox 1798 1823 1861 1865; x_wconf 89' lang='lat' dir='ltr'>III</span> <span class='ocrx_word' id='word_1_92' title='bbox 1892 1823 1970 1865; x_wconf 87' lang='lat' dir='ltr'>het</span> 
     </span>
     <span class='ocr_line' id='line_1_12' title="bbox 319 1895 1106 1941; baseline -0.003 -1"><span class='ocrx_word' id='word_1_93' title='bbox 319 1898 456 1941; x_wconf 86' lang='lat' dir='ltr'>zelfde</span> <span class='ocrx_word' id='word_1_94' title='bbox 489 1901 534 1940; x_wconf 86' lang='lat' dir='ltr'>te</span> <span class='ocrx_word' id='word_1_95' title='bbox 555 1897 712 1940; x_wconf 84' lang='lat' dir='ltr'>Goslar</span> <span class='ocrx_word' id='word_1_96' title='bbox 736 1896 781 1938; x_wconf 92' lang='lat' dir='ltr'>in</span> <span class='ocrx_word' id='word_1_97' title='bbox 804 1895 1106 1938; x_wconf 84' lang='lat' dir='ltr'>Duitsehland.</span> 
     </span>
    </p>

    <p class='ocr_par' dir='ltr' id='par_1_4' title="bbox 319 1964 1975 2667">
     <span class='ocr_line' id='line_1_13' title="bbox 379 1964 1970 2022; baseline -0.003 -10"><span class='ocrx_word' id='word_1_98' title='bbox 379 1970 429 2011; x_wconf 93' lang='lat' dir='ltr'>In</span> <span class='ocrx_word' id='word_1_99' title='bbox 463 1969 515 2011; x_wconf 91' lang='lat' dir='ltr'>de</span> <span class='ocrx_word' id='word_1_100' title='bbox 547 1967 850 2012; x_wconf 86' lang='lat' dir='ltr'>Nederlanden</span> <span class='ocrx_word' id='word_1_101' title='bbox 885 1965 1159 2022; x_wconf 80' lang='lat' dir='ltr'>integendeel</span> <span class='ocrx_word' id='word_1_102' title='bbox 1185 1979 1237 2008; x_wconf 87' lang='lat' dir='ltr'>en</span> <span class='ocrx_word' id='word_1_103' title='bbox 1263 1965 1343 2007; x_wconf 86' lang='lat' dir='ltr'>ook</span> <span class='ocrx_word' id='word_1_104' title='bbox 1369 1964 1511 2007; x_wconf 89' lang='lat' dir='ltr'>elders</span> <span class='ocrx_word' id='word_1_105' title='bbox 1530 1968 1541 1990; x_wconf 82' lang='lat'>¹</span> <span class='ocrx_word' id='word_1_106' title='bbox 1568 1965 1729 2021; x_wconf 79' lang='lat' dir='ltr'>gingen</span> <span class='ocrx_word' id='word_1_107' title='bbox 1754 1979 1802 2008; x_wconf 88' lang='lat' dir='ltr'>er</span> <span class='ocrx_word' id='word_1_108' title='bbox 1819 1965 1862 2007; x_wconf 89' lang='lat' dir='ltr'>in</span> <span class='ocrx_word' id='word_1_109' title='bbox 1887 1965 1970 2007; x_wconf 91' lang='lat' dir='ltr'>den</span> 
     </span>
     <span class='ocr_line' id='line_1_14' title="bbox 319 2036 1970 2096; baseline -0.003 -13"><span class='ocrx_word' id='word_1_110' title='bbox 319 2040 507 2096; x_wconf 85' lang='lat' dir='ltr'>beginne</span> <span class='ocrx_word' id='word_1_111' title='bbox 531 2043 741 2083; x_wconf 86' lang='lat' dir='ltr'>stemmen</span> <span class='ocrx_word' id='word_1_112' title='bbox 767 2052 819 2094; x_wconf 89' lang='lat' dir='ltr'>op</span> <span class='ocrx_word' id='word_1_113' title='bbox 842 2042 973 2094; x_wconf 80' lang='lat' dir='ltr'>tegen</span> <span class='ocrx_word' id='word_1_114' title='bbox 999 2038 1065 2080; x_wconf 84' lang='lat' dir='ltr'>die</span> <span class='ocrx_word' id='word_1_115' title='bbox 1088 2037 1289 2092; x_wconf 81' lang='lat' dir='ltr'>bloedige</span> <span class='ocrx_word' id='word_1_116' title='bbox 1312 2036 1668 2080; x_wconf 81' lang='lat' dir='ltr'>tusschenkomst</span> <span class='ocrx_word' id='word_1_117' title='bbox 1685 2036 1762 2079; x_wconf 89' lang='lat' dir='ltr'>der</span> <span class='ocrx_word' id='word_1_118' title='bbox 1784 2036 1970 2079; x_wconf 83' lang='lat' dir='ltr'>wereld-</span> 
     </span>
     <span class='ocr_line' id='line_1_15' title="bbox 320 2107 1971 2169; baseline -0.003 -15"><span class='ocrx_word' id='word_1_119' title='bbox 320 2112 425 2169; x_wconf 80' lang='lat' dir='ltr'>lijke</span> <span class='ocrx_word' id='word_1_120' title='bbox 457 2112 602 2154; x_wconf 86' lang='lat' dir='ltr'>macht</span> <span class='ocrx_word' id='word_1_121' title='bbox 635 2112 679 2153; x_wconf 89' lang='lat' dir='ltr'>in</span> <span class='ocrx_word' id='word_1_122' title='bbox 714 2111 765 2152; x_wconf 91' lang='lat' dir='ltr'>de</span> <span class='ocrx_word' id='word_1_123' title='bbox 799 2109 1224 2165; x_wconf 79' lang='lat' dir='ltr'>kettervervolging.</span> <span class='ocrx_word' id='word_1_124' title='bbox 1268 2107 1520 2151; x_wconf 85' lang='lat' dir='ltr'>Omstreeks</span> <span class='ocrx_word' id='word_1_125' title='bbox 1560 2107 1671 2151; x_wconf 82' lang='grc'>1048</span> <span class='ocrx_word' id='word_1_126' title='bbox 1712 2107 1886 2150; x_wconf 88' lang='lat' dir='ltr'>schreef</span> <span class='ocrx_word' id='word_1_127' title='bbox 1919 2107 1971 2149; x_wconf 88' lang='grc'>(10</span> 
     </span>
     <span class='ocr_line' id='line_1_16' title="bbox 321 2178 1972 2237; baseline -0.003 -11"><span class='ocrx_word' id='word_1_128' title='bbox 321 2184 440 2226; x_wconf 89' lang='lat' dir='ltr'>edele</span> <span class='ocrx_word' id='word_1_129' title='bbox 472 2182 687 2226; x_wconf 83' lang='lat' dir='ltr'>Luiksehe</span> <span class='ocrx_word' id='word_1_130' title='bbox 721 2181 921 2236; x_wconf 85' lang='lat' dir='ltr'>bisschop</span> <span class='ocrx_word' id='word_1_131' title='bbox 954 2183 1093 2225; x_wconf 83' lang='lat' dir='ltr'>Wazo</span> <span class='ocrx_word' id='word_1_132' title='bbox 1128 2181 1172 2222; x_wconf 91' lang='lat' dir='ltr'>in</span> <span class='ocrx_word' id='word_1_133' title='bbox 1197 2181 1340 2237; x_wconf 87' lang='lat' dir='ltr'>zijnen</span> <span class='ocrx_word' id='word_1_134' title='bbox 1365 2180 1623 2222; x_wconf 85' lang='lat' dir='ltr'>beroemden</span> <span class='ocrx_word' id='word_1_135' title='bbox 1648 2179 1764 2222; x_wconf 84' lang='lat' dir='ltr'><strong>brief</strong></span> <span class='ocrx_word' id='word_1_136' title='bbox 1781 2193 1863 2221; x_wconf 86' lang='lat' dir='ltr'>aan</span> <span class='ocrx_word' id='word_1_137' title='bbox 1888 2178 1972 2221; x_wconf 88' lang='lat' dir='ltr'>den</span> 
     </span>
     <span class='ocr_line' id='line_1_17' title="bbox 319 2249 1973 2310; baseline -0.004 -13"><span class='ocrx_word' id='word_1_138' title='bbox 319 2253 522 2310; x_wconf 83' lang='lat' dir='ltr'>bisschop</span> <span class='ocrx_word' id='word_1_139' title='bbox 557 2268 643 2296; x_wconf 90' lang='lat' dir='ltr'>van</span> <span class='ocrx_word' id='word_1_140' title='bbox 677 2251 866 2296; x_wconf 69' lang='lat' dir='ltr'>Chalons</span> <span class='ocrx_word' id='word_1_141' title='bbox 888 2268 897 2294; x_wconf 94' lang='lat'><strong>:</strong></span> <span class='ocrx_word' id='word_1_142' title='bbox 945 2271 961 2288; x_wconf 73' lang='grc' dir='ltr'>α</span> <span class='ocrx_word' id='word_1_143' title='bbox 981 2252 1128 2294; x_wconf 88' lang='lat' dir='ltr'>Cesset</span> <span class='ocrx_word' id='word_1_144' title='bbox 1173 2265 1276 2307; x_wconf 82' lang='lat' dir='ltr'>ergo</span> <span class='ocrx_word' id='word_1_145' title='bbox 1313 2251 1534 2310; x_wconf 72' lang='lat' dir='ltr'>Judz&#39;cz&#39;um</span> <span class='ocrx_word' id='word_1_146' title='bbox 1570 2251 1785 2308; x_wconf 70' lang='lat' dir='ltr'>pulveris,</span> <span class='ocrx_word' id='word_1_147' title='bbox 1827 2249 1973 2292; x_wconf 88' lang='lat' dir='ltr'>audita</span> 
     </span>
     <span class='ocr_line' id='line_1_18' title="bbox 322 2321 1973 2379; baseline -0.002 -11"><span class='ocrx_word' id='word_1_148' title='bbox 322 2327 549 2369; x_wconf 83' lang='lat' dir='ltr'>sentencia</span> <span class='ocrx_word' id='word_1_149' title='bbox 581 2324 840 2374; x_wconf 70' lang='lat' dir='ltr'>Conditor-is,</span> <span class='ocrx_word' id='word_1_150' title='bbox 887 2337 967 2366; x_wconf 86' lang='lat' dir='ltr'>nec</span> <span class='ocrx_word' id='word_1_151' title='bbox 1007 2337 1078 2365; x_wconf 90' lang='grc'>005</span> <span class='ocrx_word' id='word_1_152' title='bbox 1118 2336 1349 2378; x_wconf 82' lang='lat' dir='ltr'>queramus</span> <span class='ocrx_word' id='word_1_153' title='bbox 1386 2335 1469 2378; x_wconf 76' lang='lat' dir='ltr'>per</span> <span class='ocrx_word' id='word_1_154' title='bbox 1506 2322 1716 2366; x_wconf 67' lang='lat' dir='ltr'>secularis</span> <span class='ocrx_word' id='word_1_155' title='bbox 1748 2321 1973 2379; x_wconf 78' lang='lat' dir='ltr'>potentiae</span> 
     </span>
     <span class='ocr_line' id='line_1_19' title="bbox 320 2393 1973 2454; baseline -0.002 -15"><span class='ocrx_word' id='word_1_156' title='bbox 320 2395 519 2454; x_wconf 63' lang='lat' dir='ltr'>stadium</span> <span class='ocrx_word' id='word_1_157' title='bbox 538 2396 638 2438; x_wconf 84' lang='lat' dir='ltr'>huic</span> <span class='ocrx_word' id='word_1_158' title='bbox 657 2396 772 2438; x_wconf 89' lang='lat' dir='ltr'>vitae</span> <span class='ocrx_word' id='word_1_159' title='bbox 792 2394 1068 2444; x_wconf 80' lang='lat' dir='ltr'>subtrahere,</span> <span class='ocrx_word' id='word_1_160' title='bbox 1094 2394 1247 2449; x_wconf 90' lang='lat' dir='ltr'>quibus</span> <span class='ocrx_word' id='word_1_161' title='bbox 1265 2395 1358 2437; x_wconf 91' lang='lat' dir='ltr'>vult</span> <span class='ocrx_word' id='word_1_162' title='bbox 1376 2394 1486 2437; x_wconf 88' lang='lat' dir='ltr'>idem</span> <span class='ocrx_word' id='word_1_163' title='bbox 1497 2394 1678 2437; x_wconf 83' lang='lat' dir='ltr'>Creator</span> <span class='ocrx_word' id='word_1_164' title='bbox 1696 2398 1739 2436; x_wconf 84' lang='lat' dir='ltr'>et</span> <span class='ocrx_word' id='word_1_165' title='bbox 1758 2393 1973 2448; x_wconf 88' lang='lat' dir='ltr'>Redemp-</span> 
     </span>
     <span class='ocr_line' id='line_1_20' title="bbox 325 2463 1973 2522; baseline -0.002 -12"><span class='ocrx_word' id='word_1_166' title='bbox 325 2472 396 2511; x_wconf 90' lang='lat' dir='ltr'>tor</span> <span class='ocrx_word' id='word_1_167' title='bbox 412 2469 525 2510; x_wconf 90' lang='lat' dir='ltr'>Deus</span> <span class='ocrx_word' id='word_1_168' title='bbox 544 2467 655 2510; x_wconf 83' lang='lat' dir='ltr'>sicut</span> <span class='ocrx_word' id='word_1_169' title='bbox 673 2467 795 2509; x_wconf 89' lang='lat' dir='ltr'>novit</span> <span class='ocrx_word' id='word_1_170' title='bbox 812 2480 992 2522; x_wconf 83' lang='lat' dir='ltr'>parcere</span> <span class='ocrx_word' id='word_1_171' title='bbox 1005 2483 1022 2505; x_wconf 86' lang='lat'>›&gt;</span> <span class='ocrx_word' id='word_1_172' title='bbox 1040 2463 1069 2508; x_wconf 81' lang='lat'>².</span> <span class='ocrx_word' id='word_1_173' title='bbox 1089 2466 1155 2508; x_wconf 89' lang='lat' dir='ltr'>En</span> <span class='ocrx_word' id='word_1_174' title='bbox 1173 2465 1257 2521; x_wconf 85' lang='lat' dir='ltr'>zijn</span> <span class='ocrx_word' id='word_1_175' title='bbox 1276 2465 1615 2522; x_wconf 84' lang='lat' dir='ltr'>levensbeschrij</span> <span class='ocrx_word' id='word_1_176' title='bbox 1625 2479 1701 2508; x_wconf 87' lang='lat' dir='ltr'>ver</span> <span class='ocrx_word' id='word_1_177' title='bbox 1724 2479 1778 2507; x_wconf 91' lang='lat' dir='ltr'>en</span> <span class='ocrx_word' id='word_1_178' title='bbox 1797 2464 1973 2507; x_wconf 85' lang='lat' dir='ltr'>bewon-</span> 
     </span>
     <span class='ocr_line' id='line_1_21' title="bbox 325 2536 1975 2597; baseline -0.004 -13"><span class='ocrx_word' id='word_1_179' title='bbox 325 2541 495 2592; x_wconf 83' lang='lat' dir='ltr'>deraar,</span> <span class='ocrx_word' id='word_1_180' title='bbox 532 2540 584 2582; x_wconf 86' lang='lat' dir='ltr'>de</span> <span class='ocrx_word' id='word_1_181' title='bbox 618 2540 860 2597; x_wconf 85' lang='lat' dir='ltr'>tijdgenoot</span> <span class='ocrx_word' id='word_1_182' title='bbox 883 2539 1136 2590; x_wconf 88' lang='lat' dir='ltr'>Anselmus,</span> <span class='ocrx_word' id='word_1_183' title='bbox 1163 2538 1392 2581; x_wconf 86' lang='lat' dir='ltr'>kanunnik</span> <span class='ocrx_word' id='word_1_184' title='bbox 1415 2552 1500 2581; x_wconf 89' lang='lat' dir='ltr'>van</span> <span class='ocrx_word' id='word_1_185' title='bbox 1527 2537 1652 2589; x_wconf 89' lang='lat' dir='ltr'>Luik,</span> <span class='ocrx_word' id='word_1_186' title='bbox 1681 2536 1856 2580; x_wconf 84' lang='lat' dir='ltr'>sehreef</span> <span class='ocrx_word' id='word_1_187' title='bbox 1872 2536 1975 2579; x_wconf 84' lang='lat' dir='ltr'>kort</span> 
     </span>
     <span class='ocr_line' id='line_1_22' title="bbox 325 2608 1974 2667; baseline -0.003 -12"><span class='ocrx_word' id='word_1_188' title='bbox 325 2626 382 2656; x_wconf 88' lang='lat' dir='ltr'>na</span> <span class='ocrx_word' id='word_1_189' title='bbox 399 2614 573 2657; x_wconf 87' lang='lat' dir='ltr'>Wazo&#39;s</span> <span class='ocrx_word' id='word_1_190' title='bbox 597 2611 706 2655; x_wconf 84' lang='grc' dir='ltr'>(10οἀ</span> <span class='ocrx_word' id='word_1_191' title='bbox 730 2628 738 2654; x_wconf 91' lang='lat'><strong>:</strong></span> <span class='ocrx_word' id='word_1_192' title='bbox 774 2630 790 2651; x_wconf 75' lang='grc' dir='ltr'>ι(</span> <span class='ocrx_word' id='word_1_193' title='bbox 812 2613 929 2654; x_wconf 86' lang='lat' dir='ltr'>Haec</span> <span class='ocrx_word' id='word_1_194' title='bbox 949 2610 1150 2654; x_wconf 82' lang='lat' dir='ltr'>studebat</span> <span class='ocrx_word' id='word_1_195' title='bbox 1172 2611 1347 2667; x_wconf 79' lang='lat' dir='ltr'>[VVazo]</span> <span class='ocrx_word' id='word_1_196' title='bbox 1365 2611 1599 2662; x_wconf 84' lang='lat' dir='ltr'>inculcare,</span> <span class='ocrx_word' id='word_1_197' title='bbox 1627 2612 1675 2653; x_wconf 87' lang='lat' dir='ltr'>ut</span> <span class='ocrx_word' id='word_1_198' title='bbox 1693 2608 1974 2665; x_wconf 86' lang='lat' dir='ltr'>praecipitem</span> 
     </span>
    </p>
   </div>
   <div class='ocr_carea' id='block_1_4' title="bbox 373 2812 1064 2912">
    <p class='ocr_par' dir='ltr' id='par_1_5' title="bbox 373 2812 1064 2912">
     <span class='ocr_line' id='line_1_23' title="bbox 373 2812 1064 2856; baseline -0.006 -8"><span class='ocrx_word' id='word_1_199' title='bbox 373 2814 383 2836; x_wconf 79' lang='lat'>⁴</span> <span class='ocrx_word' id='word_1_200' title='bbox 414 2813 475 2849; x_wconf 87' lang='lat' dir='ltr'>Zie</span> <span class='ocrx_word' id='word_1_201' title='bbox 492 2814 578 2856; x_wconf 81' lang='lat' dir='ltr'>Lea,</span> <span class='ocrx_word' id='word_1_202' title='bbox 598 2813 677 2848; x_wconf 86' lang='grc'>(1001</span> <span class='ocrx_word' id='word_1_203' title='bbox 694 2812 722 2854; x_wconf 87' lang='grc' dir='ltr'>Ι,</span> <span class='ocrx_word' id='word_1_204' title='bbox 741 2813 809 2846; x_wconf 87' lang='lat' dir='ltr'>blz.</span> <span class='ocrx_word' id='word_1_205' title='bbox 827 2812 891 2844; x_wconf 71' lang='lat'>218</span> <span class='ocrx_word' id='word_1_206' title='bbox 907 2823 952 2847; x_wconf 86' lang='lat' dir='ltr'>en</span> <span class='ocrx_word' id='word_1_207' title='bbox 968 2812 1064 2855; x_wconf 70' lang='lat' dir='ltr'>volg.</span> 
     </span>
     <span class='ocr_line' id='line_1_24' title="bbox 373 2868 858 2912; baseline 0 -11"><span class='ocrx_word' id='word_1_208' title='bbox 373 2869 386 2890; x_wconf 69' lang='lat'>‘2</span> <span class='ocrx_word' id='word_1_209' title='bbox 417 2869 572 2912; x_wconf 77' lang='lat' dir='ltr'>Corpus,</span> <span class='ocrx_word' id='word_1_210' title='bbox 599 2869 677 2903; x_wconf 86' lang='lat' dir='ltr'>deel</span> <span class='ocrx_word' id='word_1_211' title='bbox 694 2868 723 2911; x_wconf 82' lang='grc' dir='ltr'>Ι,</span> <span class='ocrx_word' id='word_1_212' title='bbox 742 2868 807 2902; x_wconf 87' lang='lat' dir='ltr'><strong>blz.</strong></span> <span class='ocrx_word' id='word_1_213' title='bbox 826 2869 858 2901; x_wconf 88' lang='lat'>7.</span> 
     </span>
    </p>
   </div>
  </div>
 </body>
</html>
