2220 3471
501 292 594 324 HET
627 291 869 324 ONTSTAAN
903 290 997 322 DER
1028 290 1313 322 PAUSELIJKE
1348 291 1604 326 INQUISITIE
1828 293 1866 324 41

230 389 535 444 brandstape13
562 402 670 431 naar
691 388 777 444 zijn
800 401 985 444 vroeger
1002 387 1198 430 klooster
1219 390 1263 430 te
1287 389 1471 431 Rottum
1494 387 1615 430 werd
1638 388 1698 444 hij
1725 388 1872 432 einde-

229 461 310 518 lijk
327 460 550 516 gezonden
573 463 641 503 ter·
677 460 958 515 levenslange
983 459 1219 514 opsluiting
1243 459 1287 500 in
1308 472 1444 501 eenen
1484 459 1866 502 onderaardschen

228 532 391 574 kerker
409 530 438 574 ¹.
460 532 519 574 De
541 531 829 588 gelijktijdige
847 528 863 551 2
900 530 1296 587 kronijkschrijver
1318 530 1437 580 Eme,
1462 529 1528 571 die
1548 543 1626 572 ons
1650 531 1716 573 die
1742 532 1874 574 aller-

227 603 370 644 eerste
392 601 586 644 bekende
610 601 870 656 vervolging
888 614 971 642 van
994 600 1237 655 pauselijke
1258 599 1539 654 inquisiteurs
1561 600 1605 642 in
1629 600 1680 642 de
1703 601 1867 643 Neder-

226 671 387 714 landen
410 672 626 723 verhaalt,
652 674 751 726 zegt
769 670 860 713 niet
883 670 1214 726 uitdrukkelijk,
1239 669 1312 711 dat
1335 669 1387 711 de
1410 672 1525 712 twee
1550 670 1869 725 predikheeren

228 756 314 785 van
346 744 532 785 Bremen
575 743 650 785 het
693 741 811 784 ambt
855 754 937 784 van
970 741 1252 795 inquisiteurs
1286 740 1565 783 uitoefenden
1586 755 1596 792 ;
1645 755 1765 784 maar
1807 742 1871 785 uit

226 813 375 856 hunne
398 813 690 869 handelingen
713 814 834 855 zelve
855 811 985 868 blijkt
1007 812 1084 854 het
1108 825 1276 867 genoeg
1295 808 1327 855 ³.

286 885 387 927 Drie
413 885 542 941 jaren
582 885 710 934 later,
749 884 793 925 in
834 883 961 933 1238,
999 883 1142 925 wordt
1176 883 1251 925 het
1284 882 1465 925 bestaan
1499 896 1583 925 van
1633 884 1872 941 pauselijke

225 956 508 1011 inquisiteurs
542 955 619 997 der·
667 954 1092 1010 predikheerenorde
1126 955 1168 995 in
1193 954 1270 996 het
1302 953 1468 996 bisdom
1514 954 1625 997 Luik
1657 955 1762 997 door
1794 969 1872 998 een

226 1027 402 1070 officieel
427 1027 528 1069 stuk
553 1026 774 1068 bewezen.
799 1026 850 1067 In
876 1038 1012 1067 eenen
1037 1024 1285 1081 openbaren
1321 1023 1665 1078 omzendbrief⁴‚
1693 1039 1872 1068 namens

224 1098 307 1141 den
348 1102 495 1153 proost
531 1098 632 1147 Jan,
675 1097 757 1139 den
797 1097 954 1147 deken,
998 1097 1050 1138 de
1089 1096 1430 1139 aartsdiakenen
1471 1111 1524 1139 en
1564 1097 1641 1140 het
1680 1098 1872 1152 gansche

222 1168 405 1225 kapittel
424 1168 519 1212 sede
533 1172 713 1212 vacante
732 1168 1077 1224 uitgevaardigd,
1094 1181 1145 1209 en
1166 1168 1338 1223 gericht
1358 1171 1422 1211 tot
1443 1168 1494 1210 de
1512 1169 1864 1226 geestelijkheid,

222 1239 274 1281 de
296 1239 583 1290 kasteleinen,
611 1238 662 1281 de
705 1238 905 1294 baljuws.
947 1238 999 1280 de
1043 1238 1268 1288 sohouten,
1312 1238 1363 1280 de
1408 1238 1593 1290 ridders,
1626 1239 1679 1281 de
1704 1239 1860 1282 meiers

222 1324 275 1352 en
299 1310 351 1353 de
383 1311 629 1364 schepenen
663 1323 747 1352 van
782 1309 856 1352 het
893 1309 1072 1362 bisdom,
1105 1309 1246 1353 wordt
1282 1312 1350 1352 ter·
1389 1323 1488 1351 eere
1527 1323 1612 1352 van
1652 1310 1867 1353 Christus’

220 1383 432 1436 vei-goten
474 1380 599 1423 bloed
642 1381 1041 1436 voorgeschreven,
1085 1381 1158 1423 dat
1198 1380 1400 1422 iedereen
1445 1380 1496 1422 de
1538 1379 1744 1423 broeders
1784 1395 1868 1424 van

222 1452 468 1495 voormelde
506 1452 625 1502 orde,
648 1451 714 1494 die
754 1452 860 1495 door
898 1465 1004 1494 eene
1042 1451 1283 1508 pauselijke
1322 1451 1393 1493 bul
1418 1454 1504 1494 met
1529 1452 1580 1494 de
1619 1452 1869 1496 ketterver-

220 1524 400 1579 volging
432 1524 572 1578 gelast
595 1523 683 1580 zijn
704 1521 734 1574 ὅ,
757 1524 898 1566 hierin
933 1527 1019 1565 met
1047 1523 1153 1565 raad
1177 1537 1230 1566 en
1254 1523 1363 1565 daad
1395 1522 1682 1578 behulpzaam
1716 1537 1867 1566 wezen

220 1598 351 1645 moet,
379 1595 552 1637 telkens
575 1595 648 1637 dat
672 1595 724 1637 de
747 1595 1028 1650 inquisiteurs
1052 1595 1128 1637 het
1149 1595 1291 1637 zullen
1316 1607 1480 1650 vragen
1500 1593 1530 1637 ⁰.

279 1664 371 1708 Ook
405 1666 447 1707 in
477 1666 552 1709 het
587 1665 788 1721 gedeelte
821 1666 898 1708 der
931 1665 1253 1716 Nedefflanden,
1282 1666 1356 1708 dat
1391 1664 1526 1707 onder
1559 1665 1611 1707 de
1643 1665 1868 1708 Fransche

217 1736 354 1780 11Γοοη
380 1750 433 1780 θη
457 1737 534 1780 het
566 1751 839 1793 oppergezag
863 1751 948 1780 van
972 1738 1054 1780 den
1086 1737 1409 1792 aartsbisschop
1435 1750 1519 1779 van
1544 1736 1692 1779 Reims
1716 1736 1861 1786 stond,

217 1808 339 1850 werd
363 1811 407 1851 te
430 1808 617 1864 gelijker
636 1808 716 1864 tijd
740 1809 792 1851 de
815 1808 1054 1865 pauselijke
1077 1808 1307 1864 Inquisitie
1331 1807 1583 1863 ingevoerd.

265 1981 275 2004 ¹
306 1982 460 2016 Emonz's
483 1980 683 2016 chronicon
709 1982 756 2025 bij
783 1982 1002 2023 Matthaeus,
1028 1982 1219 2023 Analecta,
1245 1981 1324 2017 deel
1343 1981 1386 2022 ΙΙ,
1413 1981 1480 2016 blz.
1502 1982 1557 2022 95,
1582 1982 1625 2015 96
1650 1980 1698 2024 (2⁰
1721 1980 1867 2024 uitgave

214 2048 287 2072 van
311 2036 428 2079 1738„
456 2036 615 2081 Corpus,
634 2037 701 2071 blz.
721 2037 795 2075 102,
812 2038 888 2070 103.
905 2056 949 2062 —
968 2038 1102 2072 Contra
1122 2049 1204 2072 eum
1221 2037 1309 2071 adeo
1326 2038 1577 2080 processerunt
1597 2036 1681 2078 [duo
1698 2035 1742 2070 de
1760 2046 1865 2078 prae-

214 2091 438 2127 dicatoribus
461 2090 667 2126 Bremensis
694 2092 868 2136 collegii],
900 2094 940 2126 ut
969 2092 1143 2136 ejicerent
1166 2092 1210 2126 de
1237 2092 1336 2125 clusa
1366 2094 1401 2125 et
1425 2102 1490 2134 per
1512 2102 1661 2124 manum
1686 2092 1864 2124 armatam

215 2146 471 2183 Groniensium
485 2147 658 2182 ducerent
674 2147 873 2192 Groninge.
891 2147 961 2188 Qui
980 2150 1056 2191 post
1070 2147 1329 2182 confessionem
1343 2147 1541 2181 multarum
1556 2144 1864 2188 blasphemiarum

212 2202 273 2237 vix
290 2201 386 2246 quod
402 2212 475 2236 non
492 2202 769 2237 combureretur
785 2202 911 2243 evasit,
930 2206 964 2236 et
991 2202 1029 2236 in
1046 2201 1304 2245 poenitentiam
1319 2203 1529 2245 perpetuam
1547 2199 1584 2234 in
1597 2211 1705 2243 specu
1720 2200 1856 2233 subter-

211 2267 322 2291 raneo
340 2256 590 2300 peragandam
607 2256 729 2291 abbati
746 2267 810 2290 suo
829 2257 872 2290 de
891 2256 1043 2291 Rottum
1059 2256 1220 2291 redditus
1237 2258 1299 2290 est.

258 2310 272 2332 ²
300 2310 390 2344 Emo
410 2309 516 2344 stierf
528 2310 632 2345 reeds
648 2311 858 2354 tweejaren
875 2311 981 2352 later,
999 2310 1036 2344 in
1055 2310 1151 2342 1237.
1168 2310 1223 2352 (de
1240 2309 1369 2349 Wind,
1391 2307 1621 2342 Ba'blz‘otlzeek
1639 2308 1705 2342 der
1722 2307 1863 2341 Neder-

211 2363 390 2399 landsche
407 2364 795 2409 yesclziedschrq'jvers,
824 2366 893 2399 blz.
916 2365 960 2397 34
984 2376 1029 2399 en
1053 2364 1312 2405 Wattenbach,
1339 2362 1610 2397 Deutsclzlancls
1638 2361 1863 2397 Ges-chiches-

211 2420 356 2465 quellen
375 2423 429 2453 im
446 2420 674 2461 Mittelcclter,
693 2420 773 2455 deel
791 2421 836 2462 ΙΙ,
857 2421 923 2454 blz.
941 2421 1034 2461 394.)

258 2475 272 2497 ⁵
297 2474 401 2517 Mon,
419 2474 794 2519 Kerkyeschied6222's,
813 2475 892 2509 deel
912 2476 956 2516 11,
972 2475 1008 2507 3e
1025 2475 1120 2516 stuk,
1139 2476 1207 2509 blz.
1224 2475 1299 2516 112,
1318 2474 1394 2506 113.

256 2530 271 2551 ⁴
303 2530 459 2572 Corpus,
479 2530 548 2563 blz.
569 2530 644 2571 109,
665 2529 738 2562 110.

256 2581 270 2603 5
296 2581 407 2616 Juxta
430 2584 595 2616 tenorem
621 2581 797 2616 autentici
826 2581 963 2616 domini
989 2593 1102 2626 papae
1119 2593 1226 2625 super
1241 2581 1310 2616 1100
1327 2580 1472 2625 negotio
1488 2578 1711 2623 promulgati
1732 2607 1739 2612 .
1761 2606 1767 2613 .
1790 2602 1798 2610 .
1816 2579 1862 2614 ad

208 2635 483 2679 inquisitionem
510 2636 716 2670 faciendam
741 2647 850 2679 super
874 2637 943 2671 hoc
960 2637 1115 2671 nefando
1133 2636 1285 2670 erimine
1301 2636 1338 2669 in
1355 2634 1522 2669 omnibus
1539 2634 1636 2668 villis
1650 2636 1684 2668 et
1699 2633 1801 2675 locis,
1818 2633 1863 2668 de

207 2689 339 2733 quibus
354 2689 513 2725 viderint
535 2690 706 2733 expedire
731 2693 766 2725 et
785 2691 830 2725 ad
847 2691 1056 2725 huiusmodi
1073 2694 1207 2734 pestem
1225 2690 1449 2725 mortiferam
1466 2701 1487 2723 a
1501 2688 1690 2723 Leodiensi
1707 2687 1862 2722 dioecesi

208 2744 386 2779 radicitus
402 2745 670 2788 extirpandam.
689 2745 861 2789 (Corpus,
878 2746 944 2779 blz.
964 2746 1053 2788 110.)

254 2798 269 2820 ⁶
297 2799 384 2834 Inde
402 2802 452 2834 est
471 2800 567 2842 quod
585 2811 649 2834 nos
667 2799 835 2834 omnibus
852 2803 887 2834 et
905 2799 1060 2843 singulis
1079 2810 1142 2842 per
1158 2799 1400 2843 aspersionem
1418 2797 1606 2841 sanguinis
1625 2797 1706 2830 Jesu
1724 2795 1859 2830 Christi

207 2853 451 2895 obsecramus,
491 2865 677 2889 monemus
713 2858 748 2888 et
789 2854 953 2889 districte
994 2854 1227 2898 precipimus,
1268 2852 1438 2896 quatinus
1471 2851 1640 2895 predictis
1672 2850 1859 2895 fratribus,

207 2908 373 2951 quotiens
396 2909 441 2943 ab
465 2908 516 2944 eis
541 2908 707 2951 requisiti
732 2909 887 2952 fueritis,
914 2909 965 2944 ita
999 2909 1197 2953 diligenter
1231 2911 1266 2943 et
1293 2907 1448 2943 fideliter
1475 2906 1661 2942 assistatis.
1687 2905 1857 2949 (Corpus,

206 2962 276 2997 blz.
292 2963 383 3004 110.)
