2220 3471
385 197 426 230 96
918 193 1120 226 INVLOED
1152 195 1246 226 VAN
1279 194 1338 226 DE
1371 193 1503 226 KERK

385 294 561 337 rechter
583 295 626 335 te
648 292 814 335 zetelen
835 291 883 334 of
900 291 988 334 zelf
1006 289 1111 334 νόὁι·
1133 290 1184 334 de
1207 290 1510 335 rechtbanken
1532 292 1576 334 te
1600 290 1775 346 dingen,
1801 304 1869 333 om
1896 289 2028 334 advo-

385 371 479 409 caat
511 365 561 408 of
580 364 744 406 notaris
768 365 812 406 te
835 362 945 419 zijn;
974 363 1014 405 al
1053 362 1104 405 de
1143 362 1362 418 goederen
1387 362 1464 406 der
1488 362 1660 406 ketters
1699 362 1843 405 zullen
1868 375 2030 418 aange-

386 438 537 492 slagen
558 435 738 478 worden
762 437 791 476 ¹.

446 516 501 558 Al
534 515 637 558 deze
662 512 840 556 straffen
863 512 987 555 vindt
1012 526 1108 555 men
1144 512 1347 569 eindelijk
1372 511 1514 570 bijeen
1538 512 1581 555 in
1606 513 1683 556 het
1705 511 1942 556 hoofdstuk
1965 509 2034 554 De

385 585 614 630 haereticis
645 599 729 627 van
763 585 838 627 het
872 583 1018 626 vierde
1051 584 1275 639 algemeen
1303 584 1482 627 concilie
1505 597 1590 627 van
1615 584 1830 627 Lateraan
1853 582 2029 640 (1215),

386 657 459 699 dat
497 670 604 698 voor
642 656 694 698 de
734 654 914 710 geheele
951 654 1248 696 christenheid
1287 653 1340 697 de
1378 658 1467 698 wet
1503 654 1580 697 der
1622 653 2032 709 kettervervolging

387 727 577 782 regelde.
602 724 914 768 Daarenboven
938 723 1175 779 bepaalden
1198 725 1265 767 die
1289 737 1482 776 canones,
1521 725 1596 768 dat
1618 738 1701 767 aan
1729 724 1781 768 de
1805 723 2033 780 begunsti·

387 811 487 854 gers
520 797 596 839 der
627 797 796 840 ketters
822 795 910 838 niet
934 795 1088 850 langer
1110 795 1192 838 dan
1219 809 1298 838 een
1326 795 1425 852 jaar
1449 795 1568 838 werd
1593 798 1850 852 toegestaan
1875 808 1942 837 om
1967 797 2036 839 tot

387 869 539 911 inkeer
561 873 604 911 te
628 868 798 910 komen.
838 866 1054 921 Eindelijk
1087 867 1226 909 zullen
1261 866 1473 923 degeneri,
1501 867 1568 909 die
1591 867 1752 909 zonder
1773 865 2034 923 geestelijke

386 940 599 994 toelating
632 938 855 994 prediken,
893 937 1187 993 gebanvloekt
1215 939 1396 980 worden
1417 952 1486 990 en,
1514 951 1589 981 zoo
1614 937 1666 994 zij
1693 937 1950 988 volharden,
1980 950 2032 993 op

388 1025 495 1055 eene
519 1011 679 1053 andere
702 1010 828 1065 wiJ'ze
853 1023 960 1051 naar
983 1008 1202 1052 behooren
1226 1009 1414 1065 gestraft
1438 1010 1615 1052 worden
1641 1009 1754 1065 (alia
1780 1012 2036 1065 competente

385 1095 520 1139 poena
550 1081 808 1138 plectentur)
825 1078 857 1123 ².
894 1080 1092 1123 Voordat
1119 1081 1172 1123 de
1199 1081 1469 1138 wereldlijke
1493 1080 1700 1124 overheid
1724 1080 1776 1123 de
1800 1080 2035 1123 verdiende

389 1153 503 1197 straf
540 1167 592 1211 op
637 1153 688 1195 de
725 1151 978 1195 kettersche
1020 1152 1311 1209 geestelijken
1357 1156 1586 1207 toepassen
1632 1164 1747 1207 mag,
1797 1151 1939 1194 zullen
1978 1151 2031 1208 zij

389 1224 571 1281 ontwijd
595 1224 790 1266 worden.
818 1224 878 1265 De
900 1222 1115 1278 goederen
1135 1223 1212 1265 der
1230 1222 1382 1265 leeken
1401 1223 1545 1265 zullen
1567 1221 1781 1266 verbeurd
1802 1221 2036 1265 verklaard

389 1296 584 1347 worden,
612 1295 679 1338 die
704 1295 780 1337 der
802 1294 1089 1350 geestelijken
1109 1308 1191 1337 aen
1215 1295 1363 1337 hunne
1381 1293 1492 1336 kerk
1516 1296 1773 1350 toegestaan
1798 1293 1979 1336 worden
2000 1294 2030 1335 ³.

448 1367 510 1423 Op
534 1368 562 1410 ’t
586 1365 832 1422 oogenblik,
859 1365 934 1407 dat
957 1365 1008 1407 de
1032 1379 1194 1420 pausen
1218 1365 1366 1407 hunne
1393 1365 1544 1421 eigene
1571 1364 1862 1420 apostolische
1884 1363 2036 1419 Inqui-

389 1439 485 1481 sitie
518 1442 645 1481 naast
679 1438 745 1480 die
778 1437 856 1479 der
887 1436 1173 1492 bisschoppen
1207 1437 1368 1493 gingen
1409 1437 1645 1489 inrichten,
1687 1450 1780 1480 was
1819 1437 1944 1479 aldus
1983 1437 2035 1479 de

388 1509 659 1566 wereldlijke
685 1508 829 1551 macht
853 1508 957 1551 door
981 1508 1032 1550 de
1056 1508 1176 1551 Kerk
1197 1508 1505 1565 trapsgewijze
1524 1522 1681 1551 zoover
1702 1507 1930 1564 gebracht,
1959 1508 2033 1551 dat

388 1582 440 1638 zij
475 1581 584 1623 haar
616 1581 770 1636 geheel
804 1594 857 1622 en
892 1580 931 1622 al
965 1580 1281 1636 onderworpen
1316 1594 1408 1623 was
1447 1581 1684 1636 geworden
1724 1579 1768 1622 in
1801 1579 1910 1622 zake
1950 1592 2034 1623 van

389 1652 813 1708 kettervervolging.

451 1724 513 1781 Bij
551 1724 705 1766 enkele
739 1723 872 1766 seiten
896 1737 982 1765 van
1006 1722 1372 1780 bissehoppelijke
1404 1722 1645 1778 Inquisitie‚
1682 1722 1751 1765 die
1784 1736 1863 1765 ons
1895 1723 1958 1766 uit
1982 1722 2035 1766 de

387 1797 544 1838 laatste
579 1795 687 1837 helft
720 1795 798 1837 der
836 1793 927 1837 12³⁰
961 1809 1083 1837 eeuw
1117 1795 1221 1837 door
1254 1796 1305 1838 de
1337 1795 1572 1852 kronijken
1602 1794 1781 1837 werden
1807 1793 2030 1848 bewaard,

387 1867 517 1923 blijkt
549 1867 632 1909 dan
667 1866 766 1918 00k‚
795 1867 867 1909 dat
891 1866 942 1908 de
965 1866 1237 1923 wereldlijke
1259 1867 1403 1909 macht
1425 1866 1477 1908 de
1501 1867 1716 1922 plichten,
1745 1866 1812 1908 die
1836 1866 1888 1909 de
1911 1865 2034 1908 Kerk

387 1939 497 1981 haar
515 1939 725 1994 opgelegd
748 1938 848 1989 had,
877 1938 1056 1993 gedwee
1080 1937 1326 1981 betrachtte
1351 1951 1404 1980 en
1427 1938 1479 1980 de
1503 1937 1619 1981 straf
1637 1938 1714 1980 der
1737 1936 2031 1993 gebanvloek-

387 2014 460 2053 ten
495 2013 569 2052 ten
603 2010 774 2052 uitvoer
807 2010 975 2051 bracht.
1013 2010 1061 2051 In
1086 2009 1311 2065 Augustus
1343 2010 1456 2052 1163
1478 2009 1658 2052 werden
1685 2009 1836 2065 eenige
1860 2009 2032 2052 ketters

388 2082 453 2124 uit
478 2081 756 2124 Vlaanderen
781 2085 823 2124 te
846 2081 1014 2123 Keulen
1038 2079 1267 2123 verbrand.
1292 2082 1350 2123 De
1370 2081 1624 2136 verdeeling
1642 2081 1720 2123 der
1737 2081 1877 2122 rollen
1898 2080 2035 2123 onder

387 2152 438 2194 de
462 2152 716 2207 geestelijke
740 2166 794 2194 en
819 2152 869 2194 de
895 2151 1163 2207 wereldliJ'ke
1181 2152 1326 2195 macht
1346 2151 1487 2194 werdt
1506 2151 1713 2206 duidelijk
1737 2165 2032 2207 aangewezen

386 2223 490 2266 door
509 2224 560 2266 de
583 2223 778 2267 Annales
802 2221 1074 2267 C'olonz'enses
1096 2222 1306 2274 Maximi,
1331 2223 1397 2265 die
1429 2237 1596 2279 zeggen
1619 2237 1628 2267 :
1664 2241 1682 2263 ε(
1701 2223 1796 2274 Qui,
1826 2223 2035 2266 ecclesiae

386 2295 625 2338 catholicae
659 2294 976 2349 repraesentati
1010 2297 1054 2336 et
1086 2294 1158 2336 diu
1191 2294 1296 2337 satis
1331 2294 1381 2336 de
1406 2298 1525 2337 secta
1557 2307 1637 2337 sua
1660 2294 1912 2346 examinati,
1935 2294 2035 2337 dum

386 2366 516 2408 nullis
535 2365 801 2421 probabilius
824 2364 1093 2407 documentis
1117 2364 1275 2420 corrigi
1298 2368 1495 2420 possent,
1527 2365 1602 2407 sed
1634 2365 1678 2407 in
1713 2378 1790 2408 suo
1815 2365 2036 2421 proposito

387 2437 729 2494 pertinacissime
763 2438 1063 2492 persisterent,
1101 2437 1229 2493 ejecti
1262 2441 1364 2480 sunt
1403 2436 1454 2479 ab
1488 2437 1671 2480 ecclesia
1704 2439 1748 2480 et
1790 2436 1834 2479 in
1879 2451 2035 2480 manns

387 2509 595 2552 laicorum
628 2508 805 2561 traditi3
847 2508 918 2563 qui
951 2522 1023 2550 eos
1057 2514 1182 2551 extra
1216 2506 1365 2550 urbem
1404 2507 1636 2552 educentes
1676 2507 1801 2551 nonis
1844 2507 2034 2564 Augusti

824 2634 2034 2643 .———-.-—..——-—-—-—.—————-——-—-

435 2712 444 2733 ·¹
476 2711 699 2755 Raynaiuus,
725 2711 901 2752 Annales,
928 2711 1006 2746 deel
1030 2710 1133 2751 XIH,
1159 2710 1227 2744 blz.
1252 2710 1307 2752 28,
1333 2710 1378 2745 ad
1402 2721 1537 2745 annum
1567 2710 1664 2752 1199,
1691 2717 1729 2745 n1·
1752 2709 1795 2742 23
1819 2709 2032 2754 (verkeerde

389 2768 539 2810 datum).
1933 2773 1941 2779 -

434 2823 447 2844 Ξ
478 2822 631 2867 Corpus,
651 2823 729 2857 decl
746 2823 774 2865 Ι,
794 2823 862 2857 blz.
879 2824 932 2854 (58.

436 2878 448 2899 ³
479 2878 583 2920 ibid„
605 2878 668 2912 blz.
687 2879 742 2912 (57.
