<?xml version="1.0" encoding="UTF-8"?>
<!DOCTYPE html PUBLIC "-//W3C//DTD XHTML 1.0 Transitional//EN"
    "http://www.w3.org/TR/xhtml1/DTD/xhtml1-transitional.dtd">
<html xmlns="http://www.w3.org/1999/xhtml" xml:lang="en" lang="en">
 <head>
  <title>
</title>
<meta http-equiv="Content-Type" content="text/html;charset=utf-8" />
  <meta name='ocr-system' content='tesseract 3.04.00' />
  <meta name='ocr-capabilities' content='ocr_page ocr_carea ocr_par ocr_line ocrx_word'/>
</head>
<body>
  <div class='ocr_page' id='page_1' title='image "./inquisitiohaeret01fruoft/inquisitiohaeret01fruoft_0053.png"; bbox 0 0 2220 3471; ppageno 0'>
   <div class='ocr_carea' id='block_1_1' title="bbox 387 272 1832 309">
    <p class='ocr_par' dir='ltr' id='par_1_1' title="bbox 387 272 1832 309">
     <span class='ocr_line' id='line_1_1' title="bbox 387 272 1832 309; baseline 0.001 -4"><span class='ocrx_word' id='word_1_1' title='bbox 387 273 446 305; x_wconf 85' lang='lat' dir='ltr'>DE</span> <span class='ocrx_word' id='word_1_2' title='bbox 479 272 896 305; x_wconf 87' lang='lat' dir='ltr'>BISSCHOPPELIJKE</span> <span class='ocrx_word' id='word_1_3' title='bbox 927 272 1183 309; x_wconf 87' lang='lat' dir='ltr'>INQUISITIE</span> <span class='ocrx_word' id='word_1_4' title='bbox 1213 274 1275 305; x_wconf 91' lang='lat' dir='ltr'>EN</span> <span class='ocrx_word' id='word_1_5' title='bbox 1308 274 1367 306; x_wconf 89' lang='lat' dir='ltr'>DE</span> <span class='ocrx_word' id='word_1_6' title='bbox 1398 274 1581 306; x_wconf 88' lang='lat' dir='ltr'>PAUSEN</span> <span class='ocrx_word' id='word_1_7' title='bbox 1795 274 1832 308; x_wconf 90' lang='lat'>31</span> 
     </span>
    </p>
   </div>
   <div class='ocr_carea' id='block_1_2' title="bbox 194 369 1848 1849">
    <p class='ocr_par' dir='ltr' id='par_1_2' title="bbox 194 369 1838 994">
     <span class='ocr_line' id='line_1_2' title="bbox 197 369 1829 429; baseline 0.001 -16"><span class='ocrx_word' id='word_1_8' title='bbox 197 371 356 426; x_wconf 85' lang='lat' dir='ltr'>stigers</span> <span class='ocrx_word' id='word_1_9' title='bbox 390 370 475 426; x_wconf 85' lang='lat' dir='ltr'>zijn</span> <span class='ocrx_word' id='word_1_10' title='bbox 509 373 584 413; x_wconf 87' lang='lat' dir='ltr'>ten</span> <span class='ocrx_word' id='word_1_11' title='bbox 617 369 843 425; x_wconf 88' lang='lat' dir='ltr'>eeuwigen</span> <span class='ocrx_word' id='word_1_12' title='bbox 877 370 986 425; x_wconf 87' lang='lat' dir='ltr'>dage</span> <span class='ocrx_word' id='word_1_13' title='bbox 1023 370 1065 413; x_wconf 91' lang='lat' dir='ltr'>in</span> <span class='ocrx_word' id='word_1_14' title='bbox 1105 370 1187 413; x_wconf 92' lang='lat' dir='ltr'>den</span> <span class='ocrx_word' id='word_1_15' title='bbox 1227 371 1504 427; x_wconf 88' lang='lat' dir='ltr'>kerkelijken</span> <span class='ocrx_word' id='word_1_16' title='bbox 1541 371 1643 416; x_wconf 90' lang='lat' dir='ltr'>ban.</span> <span class='ocrx_word' id='word_1_17' title='bbox 1668 373 1751 416; x_wconf 92' lang='lat' dir='ltr'>Zoo</span> <span class='ocrx_word' id='word_1_18' title='bbox 1777 373 1829 429; x_wconf 87' lang='lat' dir='ltr'>zij</span> 
     </span>
     <span class='ocr_line' id='line_1_3' title="bbox 196 440 1835 498; baseline 0.001 -14"><span class='ocrx_word' id='word_1_19' title='bbox 196 441 483 497; x_wconf 87' lang='lat' dir='ltr'>geestelijken</span> <span class='ocrx_word' id='word_1_20' title='bbox 502 441 606 497; x_wconf 78' lang='lat' dir='ltr'>zijn,</span> <span class='ocrx_word' id='word_1_21' title='bbox 627 442 768 484; x_wconf 88' lang='lat' dir='ltr'>zullen</span> <span class='ocrx_word' id='word_1_22' title='bbox 801 440 854 497; x_wconf 84' lang='lat' dir='ltr'>zij</span> <span class='ocrx_word' id='word_1_23' title='bbox 888 441 1070 498; x_wconf 86' lang='lat' dir='ltr'>ontwijd</span> <span class='ocrx_word' id='word_1_24' title='bbox 1091 441 1268 484; x_wconf 79' lang='lat' dir='ltr'>worden</span> <span class='ocrx_word' id='word_1_25' title='bbox 1297 456 1351 484; x_wconf 91' lang='lat' dir='ltr'>en</span> <span class='ocrx_word' id='word_1_26' title='bbox 1371 456 1453 484; x_wconf 88' lang='lat' dir='ltr'>van</span> <span class='ocrx_word' id='word_1_27' title='bbox 1473 442 1621 485; x_wconf 90' lang='lat' dir='ltr'>hunne</span> <span class='ocrx_word' id='word_1_28' title='bbox 1661 443 1835 486; x_wconf 78' lang='lat' dir='ltr'>ambten</span> 
     </span>
     <span class='ocr_line' id='line_1_4' title="bbox 197 510 1838 568; baseline 0.002 -15"><span class='ocrx_word' id='word_1_29' title='bbox 197 524 250 554; x_wconf 91' lang='lat' dir='ltr'>en</span> <span class='ocrx_word' id='word_1_30' title='bbox 273 511 490 567; x_wconf 90' lang='lat' dir='ltr'>goederen</span> <span class='ocrx_word' id='word_1_31' title='bbox 509 510 687 554; x_wconf 89' lang='lat' dir='ltr'>beroofd</span> <span class='ocrx_word' id='word_1_32' title='bbox 712 525 779 553; x_wconf 86' lang='lat' dir='ltr'>orn</span> <span class='ocrx_word' id='word_1_33' title='bbox 797 511 902 553; x_wconf 89' lang='lat' dir='ltr'>door</span> <span class='ocrx_word' id='word_1_34' title='bbox 924 511 1007 553; x_wconf 90' lang='lat' dir='ltr'>den</span> <span class='ocrx_word' id='word_1_35' title='bbox 1034 510 1333 568; x_wconf 86' lang='lat' dir='ltr'>wereldlijken</span> <span class='ocrx_word' id='word_1_36' title='bbox 1360 526 1452 554; x_wconf 88' lang='lat' dir='ltr'>arm</span> <span class='ocrx_word' id='word_1_37' title='bbox 1474 517 1561 556; x_wconf 86' lang='lat' dir='ltr'>met</span> <span class='ocrx_word' id='word_1_38' title='bbox 1583 514 1634 555; x_wconf 91' lang='lat' dir='ltr'>de</span> <span class='ocrx_word' id='word_1_39' title='bbox 1652 513 1838 557; x_wconf 88' lang='lat' dir='ltr'>behoor-</span> 
     </span>
     <span class='ocr_line' id='line_1_5' title="bbox 195 581 1838 639; baseline 0.002 -16"><span class='ocrx_word' id='word_1_40' title='bbox 195 581 300 638; x_wconf 87' lang='lat' dir='ltr'>lijke</span> <span class='ocrx_word' id='word_1_41' title='bbox 324 581 438 624; x_wconf 88' lang='lat' dir='ltr'>straf</span> <span class='ocrx_word' id='word_1_42' title='bbox 456 583 467 605; x_wconf 92' lang='lat'>¹</span> <span class='ocrx_word' id='word_1_43' title='bbox 493 582 682 637; x_wconf 87' lang='lat' dir='ltr'>gestraft</span> <span class='ocrx_word' id='word_1_44' title='bbox 706 585 749 624; x_wconf 88' lang='lat' dir='ltr'>te</span> <span class='ocrx_word' id='word_1_45' title='bbox 784 582 978 632; x_wconf 81' lang='lat' dir='ltr'>worden,</span> <span class='ocrx_word' id='word_1_46' title='bbox 1005 583 1136 639; x_wconf 83' lang='lat' dir='ltr'>tenzij</span> <span class='ocrx_word' id='word_1_47' title='bbox 1162 583 1213 639; x_wconf 85' lang='lat' dir='ltr'>zij</span> <span class='ocrx_word' id='word_1_48' title='bbox 1255 583 1444 639; x_wconf 84' lang='lat' dir='ltr'>dadelijk</span> <span class='ocrx_word' id='word_1_49' title='bbox 1480 598 1537 626; x_wconf 83' lang='lat' dir='ltr'>na</span> <span class='ocrx_word' id='word_1_50' title='bbox 1558 585 1707 627; x_wconf 90' lang='lat' dir='ltr'>hunne</span> <span class='ocrx_word' id='word_1_51' title='bbox 1735 599 1838 627; x_wconf 88' lang='lat' dir='ltr'>aan-</span> 
     </span>
     <span class='ocr_line' id='line_1_6' title="bbox 195 652 1835 711; baseline 0.002 -17"><span class='ocrx_word' id='word_1_52' title='bbox 195 652 388 708; x_wconf 88' lang='lat' dir='ltr'>houding</span> <span class='ocrx_word' id='word_1_53' title='bbox 409 656 475 696; x_wconf 86' lang='lat' dir='ltr'>tot</span> <span class='ocrx_word' id='word_1_54' title='bbox 492 653 574 695; x_wconf 90' lang='lat' dir='ltr'>den</span> <span class='ocrx_word' id='word_1_55' title='bbox 594 653 745 696; x_wconf 84' lang='lat' dir='ltr'>schoot</span> <span class='ocrx_word' id='word_1_56' title='bbox 768 653 845 695; x_wconf 91' lang='lat' dir='ltr'>der</span> <span class='ocrx_word' id='word_1_57' title='bbox 868 652 989 695; x_wconf 88' lang='lat' dir='ltr'>Kerk</span> <span class='ocrx_word' id='word_1_58' title='bbox 1008 654 1300 709; x_wconf 84' lang='lat' dir='ltr'>terugkeeren</span> <span class='ocrx_word' id='word_1_59' title='bbox 1322 668 1375 696; x_wconf 94' lang='lat' dir='ltr'>en</span> <span class='ocrx_word' id='word_1_60' title='bbox 1397 655 1546 697; x_wconf 88' lang='lat' dir='ltr'>hunne</span> <span class='ocrx_word' id='word_1_61' title='bbox 1569 655 1771 711; x_wconf 88' lang='lat' dir='ltr'>dolingen</span> <span class='ocrx_word' id='word_1_62' title='bbox 1793 657 1835 698; x_wconf 93' lang='lat' dir='ltr'>in</span> 
     </span>
     <span class='ocr_line' id='line_1_7' title="bbox 195 723 1836 781; baseline 0 -14"><span class='ocrx_word' id='word_1_63' title='bbox 195 725 227 767; x_wconf 90' lang='lat' dir='ltr'>&#39;t</span> <span class='ocrx_word' id='word_1_64' title='bbox 249 723 470 780; x_wconf 88' lang='lat' dir='ltr'>openbaar</span> <span class='ocrx_word' id='word_1_65' title='bbox 491 723 726 766; x_wconf 86' lang='lat' dir='ltr'>afzweren.</span> <span class='ocrx_word' id='word_1_66' title='bbox 754 723 846 766; x_wconf 89' lang='lat' dir='ltr'>Ook</span> <span class='ocrx_word' id='word_1_67' title='bbox 878 723 930 765; x_wconf 90' lang='lat' dir='ltr'>de</span> <span class='ocrx_word' id='word_1_68' title='bbox 963 723 1119 765; x_wconf 90' lang='lat' dir='ltr'>leeken</span> <span class='ocrx_word' id='word_1_69' title='bbox 1158 723 1303 767; x_wconf 84' lang='lat' dir='ltr'>zullen</span> <span class='ocrx_word' id='word_1_70' title='bbox 1334 725 1569 781; x_wconf 84' lang='lat' dir='ltr'>desgelijks</span> <span class='ocrx_word' id='word_1_71' title='bbox 1594 724 1836 768; x_wconf 83' lang='lat' dir='ltr'>behandeld</span> 
     </span>
     <span class='ocr_line' id='line_1_8' title="bbox 196 792 1838 845; baseline 0.001 -8"><span class='ocrx_word' id='word_1_72' title='bbox 196 795 375 837; x_wconf 81' lang='lat' dir='ltr'>worden</span> <span class='ocrx_word' id='word_1_73' title='bbox 400 792 416 816; x_wconf 82' lang='lat'><strong>²</strong></span> <span class='ocrx_word' id='word_1_74' title='bbox 439 795 617 837; x_wconf 80' lang='lat' dir='ltr'>evenals</span> <span class='ocrx_word' id='word_1_75' title='bbox 641 795 693 837; x_wconf 90' lang='lat' dir='ltr'>de</span> <span class='ocrx_word' id='word_1_76' title='bbox 718 794 999 845; x_wconf 86' lang='lat' dir='ltr'>verdachten‚</span> <span class='ocrx_word' id='word_1_77' title='bbox 1028 794 1096 836; x_wconf 91' lang='lat' dir='ltr'>die</span> <span class='ocrx_word' id='word_1_78' title='bbox 1129 795 1277 838; x_wconf 90' lang='lat' dir='ltr'>hunne</span> <span class='ocrx_word' id='word_1_79' title='bbox 1301 796 1511 838; x_wconf 88' lang='lat' dir='ltr'>onschuld</span> <span class='ocrx_word' id='word_1_80' title='bbox 1540 810 1620 838; x_wconf 88' lang='lat' dir='ltr'>aan</span> <span class='ocrx_word' id='word_1_81' title='bbox 1646 797 1725 839; x_wconf 93' lang='lat' dir='ltr'>den</span> <span class='ocrx_word' id='word_1_82' title='bbox 1752 796 1838 839; x_wconf 88' lang='lat' dir='ltr'>bis-</span> 
     </span>
     <span class='ocr_line' id='line_1_9' title="bbox 194 865 1836 921; baseline 0.001 -14"><span class='ocrx_word' id='word_1_83' title='bbox 194 867 327 921; x_wconf 87' lang='lat' dir='ltr'>schop</span> <span class='ocrx_word' id='word_1_84' title='bbox 346 867 438 908; x_wconf 86' lang='lat' dir='ltr'>niet</span> <span class='ocrx_word' id='word_1_85' title='bbox 457 866 624 908; x_wconf 89' lang='lat' dir='ltr'>zouden</span> <span class='ocrx_word' id='word_1_86' title='bbox 657 865 838 908; x_wconf 88' lang='lat' dir='ltr'>kunnen</span> <span class='ocrx_word' id='word_1_87' title='bbox 872 865 1100 921; x_wconf 83' lang='lat' dir='ltr'>bewijzen.</span> <span class='ocrx_word' id='word_1_88' title='bbox 1141 868 1199 909; x_wconf 92' lang='lat' dir='ltr'>De</span> <span class='ocrx_word' id='word_1_89' title='bbox 1236 868 1464 909; x_wconf 88' lang='lat' dir='ltr'>hervallen</span> <span class='ocrx_word' id='word_1_90' title='bbox 1488 867 1658 909; x_wconf 84' lang='lat' dir='ltr'>ketters</span> <span class='ocrx_word' id='word_1_91' title='bbox 1693 867 1836 910; x_wconf 86' lang='lat' dir='ltr'>zullen</span> 
     </span>
     <span class='ocr_line' id='line_1_10' title="bbox 194 934 1691 994; baseline 0.002 -15"><span class='ocrx_word' id='word_1_92' title='bbox 194 937 356 980; x_wconf 87' lang='lat' dir='ltr'>zonder</span> <span class='ocrx_word' id='word_1_93' title='bbox 378 937 546 992; x_wconf 81' lang='lat' dir='ltr'>genade</span> <span class='ocrx_word' id='word_1_94' title='bbox 569 934 586 957; x_wconf 77' lang='lat'>³</span> <span class='ocrx_word' id='word_1_95' title='bbox 609 937 714 979; x_wconf 91' lang='lat' dir='ltr'>door</span> <span class='ocrx_word' id='word_1_96' title='bbox 736 937 819 978; x_wconf 91' lang='lat' dir='ltr'>den</span> <span class='ocrx_word' id='word_1_97' title='bbox 848 936 1148 994; x_wconf 82' lang='lat' dir='ltr'>wereldlijken</span> <span class='ocrx_word' id='word_1_98' title='bbox 1165 952 1258 979; x_wconf 86' lang='lat' dir='ltr'>arm</span> <span class='ocrx_word' id='word_1_99' title='bbox 1284 938 1470 993; x_wconf 83' lang='lat' dir='ltr'>gestraft</span> <span class='ocrx_word' id='word_1_100' title='bbox 1496 938 1691 982; x_wconf 80' lang='lat' dir='ltr'>worden.</span> 
     </span>
    </p>

    <p class='ocr_par' dir='ltr' id='par_1_3' title="bbox 196 1007 1840 1136">
     <span class='ocr_line' id='line_1_11' title="bbox 255 1007 1840 1067; baseline 0.002 -16"><span class='ocrx_word' id='word_1_101' title='bbox 255 1007 564 1051; x_wconf 86' lang='lat' dir='ltr'>Daarenboven</span> <span class='ocrx_word' id='word_1_102' title='bbox 590 1007 719 1050; x_wconf 86' lang='lat' dir='ltr'>bevat</span> <span class='ocrx_word' id='word_1_103' title='bbox 739 1008 812 1050; x_wconf 90' lang='lat' dir='ltr'>het</span> <span class='ocrx_word' id='word_1_104' title='bbox 831 1007 1004 1050; x_wconf 88' lang='lat' dir='ltr'>decreet</span> <span class='ocrx_word' id='word_1_105' title='bbox 1031 1021 1113 1050; x_wconf 88' lang='lat' dir='ltr'>van</span> <span class='ocrx_word' id='word_1_106' title='bbox 1134 1009 1307 1051; x_wconf 77' lang='lat' dir='ltr'>Verona</span> <span class='ocrx_word' id='word_1_107' title='bbox 1327 1009 1380 1052; x_wconf 92' lang='lat' dir='ltr'>de</span> <span class='ocrx_word' id='word_1_108' title='bbox 1401 1014 1544 1053; x_wconf 83' lang='lat' dir='ltr'>eerste</span> <span class='ocrx_word' id='word_1_109' title='bbox 1566 1011 1840 1067; x_wconf 88' lang='lat' dir='ltr'>omstandige</span> 
     </span>
     <span class='ocr_line' id='line_1_12' title="bbox 196 1079 1605 1136; baseline 0.001 -14"><span class='ocrx_word' id='word_1_110' title='bbox 196 1080 395 1136; x_wconf 89' lang='lat' dir='ltr'>regeling</span> <span class='ocrx_word' id='word_1_111' title='bbox 417 1079 494 1121; x_wconf 91' lang='lat' dir='ltr'>der</span> <span class='ocrx_word' id='word_1_112' title='bbox 517 1079 880 1135; x_wconf 83' lang='lat' dir='ltr'>bisschoppelijke</span> <span class='ocrx_word' id='word_1_113' title='bbox 899 1079 1126 1134; x_wconf 82' lang='lat' dir='ltr'>Inquisitie</span> <span class='ocrx_word' id='word_1_114' title='bbox 1151 1080 1258 1123; x_wconf 93' lang='lat' dir='ltr'>door</span> <span class='ocrx_word' id='word_1_115' title='bbox 1282 1081 1356 1123; x_wconf 89' lang='lat' dir='ltr'>het</span> <span class='ocrx_word' id='word_1_116' title='bbox 1381 1081 1605 1136; x_wconf 88' lang='lat' dir='ltr'>pausdom.</span> 
     </span>
    </p>

    <p class='ocr_par' dir='ltr' id='par_1_4' title="bbox 195 1149 1848 1849">
     <span class='ocr_line' id='line_1_13' title="bbox 256 1149 1846 1208; baseline 0.001 -15"><span class='ocrx_word' id='word_1_117' title='bbox 256 1152 315 1193; x_wconf 93' lang='lat' dir='ltr'>De</span> <span class='ocrx_word' id='word_1_118' title='bbox 347 1149 741 1206; x_wconf 86' lang='lat' dir='ltr'>hoofdbepalingen</span> <span class='ocrx_word' id='word_1_119' title='bbox 767 1150 1125 1205; x_wconf 88' lang='lat' dir='ltr'>dienaangaande</span> <span class='ocrx_word' id='word_1_120' title='bbox 1159 1151 1243 1207; x_wconf 84' lang='lat' dir='ltr'>zijn</span> <span class='ocrx_word' id='word_1_121' title='bbox 1279 1151 1330 1194; x_wconf 92' lang='lat' dir='ltr'>de</span> <span class='ocrx_word' id='word_1_122' title='bbox 1366 1152 1577 1208; x_wconf 86' lang='lat' dir='ltr'>volgende</span> <span class='ocrx_word' id='word_1_123' title='bbox 1600 1150 1632 1197; x_wconf 77' lang='lat'>⁴.</span> <span class='ocrx_word' id='word_1_124' title='bbox 1659 1153 1772 1195; x_wconf 89' lang='lat' dir='ltr'>Eens</span> <span class='ocrx_word' id='word_1_125' title='bbox 1798 1153 1846 1195; x_wconf 86' lang='lat' dir='ltr'>of</span> 
     </span>
     <span class='ocr_line' id='line_1_14' title="bbox 197 1221 1839 1279; baseline 0.001 -15"><span class='ocrx_word' id='word_1_126' title='bbox 197 1222 424 1265; x_wconf 88' lang='lat' dir='ltr'>tweemaal</span> <span class='ocrx_word' id='word_1_127' title='bbox 443 1221 608 1278; x_wconf 88' lang='lat' dir='ltr'>&#39;sjaars</span> <span class='ocrx_word' id='word_1_128' title='bbox 626 1221 772 1264; x_wconf 88' lang='lat' dir='ltr'>zullen</span> <span class='ocrx_word' id='word_1_129' title='bbox 789 1221 842 1263; x_wconf 93' lang='lat' dir='ltr'>de</span> <span class='ocrx_word' id='word_1_130' title='bbox 861 1221 1266 1277; x_wconf 84' lang='lat' dir='ltr'>aartsbisschoppen</span> <span class='ocrx_word' id='word_1_131' title='bbox 1295 1236 1348 1264; x_wconf 91' lang='lat' dir='ltr'>en</span> <span class='ocrx_word' id='word_1_132' title='bbox 1366 1222 1654 1279; x_wconf 89' lang='lat' dir='ltr'>bisschoppen</span> <span class='ocrx_word' id='word_1_133' title='bbox 1679 1223 1721 1266; x_wconf 91' lang='lat' dir='ltr'>in</span> <span class='ocrx_word' id='word_1_134' title='bbox 1743 1237 1839 1278; x_wconf 88' lang='lat' dir='ltr'>per-</span> 
     </span>
     <span class='ocr_line' id='line_1_15' title="bbox 198 1291 1840 1351; baseline 0.001 -15"><span class='ocrx_word' id='word_1_135' title='bbox 198 1306 303 1337; x_wconf 90' lang='lat' dir='ltr'>soon</span> <span class='ocrx_word' id='word_1_136' title='bbox 326 1292 375 1335; x_wconf 87' lang='lat' dir='ltr'>of</span> <span class='ocrx_word' id='word_1_137' title='bbox 392 1293 496 1335; x_wconf 89' lang='lat' dir='ltr'>door</span> <span class='ocrx_word' id='word_1_138' title='bbox 513 1293 664 1335; x_wconf 90' lang='lat' dir='ltr'>hunne</span> <span class='ocrx_word' id='word_1_139' title='bbox 686 1291 991 1335; x_wconf 85' lang='lat' dir='ltr'>aartsdiakens</span> <span class='ocrx_word' id='word_1_140' title='bbox 1019 1292 1066 1334; x_wconf 88' lang='lat' dir='ltr'>os</span> <span class='ocrx_word' id='word_1_141' title='bbox 1085 1293 1190 1335; x_wconf 91' lang='lat' dir='ltr'>door</span> <span class='ocrx_word' id='word_1_142' title='bbox 1207 1292 1368 1336; x_wconf 76' lang='lat' dir='ltr'>andere</span> <span class='ocrx_word' id='word_1_143' title='bbox 1390 1294 1527 1349; x_wconf 81' lang='lat' dir='ltr'>goede</span> <span class='ocrx_word' id='word_1_144' title='bbox 1551 1294 1840 1351; x_wconf 84' lang='lat' dir='ltr'>geestelijken</span> 
     </span>
     <span class='ocr_line' id='line_1_16' title="bbox 197 1363 1836 1419; baseline 0.001 -12"><span class='ocrx_word' id='word_1_145' title='bbox 197 1365 248 1407; x_wconf 90' lang='lat' dir='ltr'>de</span> <span class='ocrx_word' id='word_1_146' title='bbox 266 1365 468 1419; x_wconf 86' lang='lat' dir='ltr'>plaatsen</span> <span class='ocrx_word' id='word_1_147' title='bbox 489 1363 725 1415; x_wconf 89' lang='lat' dir='ltr'>bezoeken,</span> <span class='ocrx_word' id='word_1_148' title='bbox 744 1377 955 1406; x_wconf 85' lang='lat' dir='ltr'>waarvan</span> <span class='ocrx_word' id='word_1_149' title='bbox 974 1364 1138 1419; x_wconf 90' lang='lat' dir='ltr'>gezegd</span> <span class='ocrx_word' id='word_1_150' title='bbox 1157 1364 1300 1407; x_wconf 89' lang='lat' dir='ltr'>wordt</span> <span class='ocrx_word' id='word_1_151' title='bbox 1320 1365 1393 1408; x_wconf 88' lang='lat' dir='ltr'>dat</span> <span class='ocrx_word' id='word_1_152' title='bbox 1413 1379 1460 1407; x_wconf 88' lang='lat' dir='ltr'>er</span> <span class='ocrx_word' id='word_1_153' title='bbox 1477 1366 1647 1408; x_wconf 87' lang='lat' dir='ltr'>ketters</span> <span class='ocrx_word' id='word_1_154' title='bbox 1664 1379 1836 1409; x_wconf 87' lang='lat' dir='ltr'>wonen.</span> 
     </span>
     <span class='ocr_line' id='line_1_17' title="bbox 196 1434 1838 1492; baseline 0.001 -15"><span class='ocrx_word' id='word_1_155' title='bbox 196 1435 296 1477; x_wconf 88' lang='lat' dir='ltr'>Drie</span> <span class='ocrx_word' id='word_1_156' title='bbox 329 1435 375 1477; x_wconf 86' lang='lat' dir='ltr'>of</span> <span class='ocrx_word' id='word_1_157' title='bbox 392 1449 510 1477; x_wconf 88' lang='lat' dir='ltr'>meer</span> <span class='ocrx_word' id='word_1_158' title='bbox 533 1434 667 1490; x_wconf 87' lang='lat' dir='ltr'>goede</span> <span class='ocrx_word' id='word_1_159' title='bbox 701 1435 857 1484; x_wconf 89' lang='lat' dir='ltr'>lieden,</span> <span class='ocrx_word' id='word_1_160' title='bbox 878 1435 926 1491; x_wconf 86' lang='lat' dir='ltr'>ja</span> <span class='ocrx_word' id='word_1_161' title='bbox 963 1435 1005 1477; x_wconf 91' lang='lat' dir='ltr'>al</span> <span class='ocrx_word' id='word_1_162' title='bbox 1039 1435 1090 1476; x_wconf 92' lang='lat' dir='ltr'>de</span> <span class='ocrx_word' id='word_1_163' title='bbox 1123 1434 1335 1485; x_wconf 86' lang='lat' dir='ltr'>naburen‚</span> <span class='ocrx_word' id='word_1_164' title='bbox 1374 1450 1449 1478; x_wconf 91' lang='lat' dir='ltr'>zoo</span> <span class='ocrx_word' id='word_1_165' title='bbox 1483 1436 1659 1492; x_wconf 86' lang='lat' dir='ltr'>nocdig,</span> <span class='ocrx_word' id='word_1_166' title='bbox 1695 1437 1838 1480; x_wconf 89' lang='lat' dir='ltr'>zullen</span> 
     </span>
     <span class='ocr_line' id='line_1_18' title="bbox 197 1505 1848 1564; baseline 0.001 -16"><span class='ocrx_word' id='word_1_167' title='bbox 197 1506 332 1549; x_wconf 89' lang='lat' dir='ltr'>onder</span> <span class='ocrx_word' id='word_1_168' title='bbox 355 1506 457 1548; x_wconf 88' lang='lat' dir='ltr'>eede</span> <span class='ocrx_word' id='word_1_169' title='bbox 497 1510 667 1549; x_wconf 84' lang='lat' dir='ltr'>moeten</span> <span class='ocrx_word' id='word_1_170' title='bbox 702 1505 896 1556; x_wconf 85' lang='lat' dir='ltr'>beloven,</span> <span class='ocrx_word' id='word_1_171' title='bbox 935 1506 1009 1548; x_wconf 90' lang='lat' dir='ltr'>dat</span> <span class='ocrx_word' id='word_1_172' title='bbox 1048 1507 1099 1562; x_wconf 88' lang='lat' dir='ltr'>zij</span> <span class='ocrx_word' id='word_1_173' title='bbox 1125 1506 1337 1562; x_wconf 84' lang='lat' dir='ltr'>degeneri,</span> <span class='ocrx_word' id='word_1_174' title='bbox 1377 1507 1444 1550; x_wconf 93' lang='lat' dir='ltr'>die</span> <span class='ocrx_word' id='word_1_175' title='bbox 1478 1507 1647 1551; x_wconf 82' lang='lat' dir='ltr'>ketters</span> <span class='ocrx_word' id='word_1_176' title='bbox 1681 1509 1766 1564; x_wconf 84' lang='lat' dir='ltr'>zijn</span> <span class='ocrx_word' id='word_1_177' title='bbox 1801 1508 1848 1550; x_wconf 90' lang='lat' dir='ltr'>of</span> 
     </span>
     <span class='ocr_line' id='line_1_19' title="bbox 195 1575 1835 1634; baseline 0.002 -15"><span class='ocrx_word' id='word_1_178' title='bbox 195 1577 393 1633; x_wconf 82' lang='lat' dir='ltr'>geheiine</span> <span class='ocrx_word' id='word_1_179' title='bbox 413 1575 760 1633; x_wconf 83' lang='lat' dir='ltr'>bijeenkomsten</span> <span class='ocrx_word' id='word_1_180' title='bbox 783 1576 956 1619; x_wconf 88' lang='lat' dir='ltr'>houden</span> <span class='ocrx_word' id='word_1_181' title='bbox 981 1576 1029 1619; x_wconf 85' lang='lat' dir='ltr'>os</span> <span class='ocrx_word' id='word_1_182' title='bbox 1045 1577 1204 1620; x_wconf 87' lang='lat' dir='ltr'>anders</span> <span class='ocrx_word' id='word_1_183' title='bbox 1229 1577 1370 1629; x_wconf 90' lang='lat' dir='ltr'>dolen,</span> <span class='ocrx_word' id='word_1_184' title='bbox 1394 1579 1537 1621; x_wconf 85' lang='lat' dir='ltr'>zullen</span> <span class='ocrx_word' id='word_1_185' title='bbox 1574 1579 1835 1634; x_wconf 86' lang='lat' dir='ltr'>aanklagen.</span> 
     </span>
     <span class='ocr_line' id='line_1_20' title="bbox 195 1647 1844 1706; baseline 0.001 -15"><span class='ocrx_word' id='word_1_186' title='bbox 195 1650 255 1691; x_wconf 91' lang='lat' dir='ltr'>De</span> <span class='ocrx_word' id='word_1_187' title='bbox 273 1647 474 1703; x_wconf 85' lang='lat' dir='ltr'>hisschop</span> <span class='ocrx_word' id='word_1_188' title='bbox 492 1647 635 1704; x_wconf 85' lang='lat' dir='ltr'>ofzijn</span> <span class='ocrx_word' id='word_1_189' title='bbox 660 1647 940 1691; x_wconf 86' lang='lat' dir='ltr'>aartsdiaken</span> <span class='ocrx_word' id='word_1_190' title='bbox 966 1649 1032 1691; x_wconf 89' lang='lat' dir='ltr'>zal</span> <span class='ocrx_word' id='word_1_191' title='bbox 1050 1649 1102 1691; x_wconf 91' lang='lat' dir='ltr'>de</span> <span class='ocrx_word' id='word_1_192' title='bbox 1127 1648 1357 1692; x_wconf 88' lang='lat' dir='ltr'>betichten</span> <span class='ocrx_word' id='word_1_193' title='bbox 1375 1648 1482 1692; x_wconf 76' lang='grc' dir='ltr'>νὸὀῐ·</span> <span class='ocrx_word' id='word_1_194' title='bbox 1500 1651 1593 1693; x_wconf 86' lang='lat' dir='ltr'>zich</span> <span class='ocrx_word' id='word_1_195' title='bbox 1624 1650 1766 1706; x_wconf 87' lang='lat' dir='ltr'>dagen</span> <span class='ocrx_word' id='word_1_196' title='bbox 1790 1665 1844 1693; x_wconf 92' lang='lat' dir='ltr'>en</span> 
     </span>
     <span class='ocr_line' id='line_1_21' title="bbox 197 1718 1843 1776; baseline 0.002 -15"><span class='ocrx_word' id='word_1_197' title='bbox 197 1720 448 1762; x_wconf 88' lang='lat' dir='ltr'>vonnissen.</span> <span class='ocrx_word' id='word_1_198' title='bbox 488 1721 546 1762; x_wconf 93' lang='lat' dir='ltr'>De</span> <span class='ocrx_word' id='word_1_199' title='bbox 569 1718 793 1762; x_wconf 84' lang='lat' dir='ltr'>betichten</span> <span class='ocrx_word' id='word_1_200' title='bbox 833 1720 979 1762; x_wconf 86' lang='lat' dir='ltr'>zullen</span> <span class='ocrx_word' id='word_1_201' title='bbox 1016 1720 1197 1776; x_wconf 88' lang='lat' dir='ltr'>volgens</span> <span class='ocrx_word' id='word_1_202' title='bbox 1236 1721 1288 1763; x_wconf 93' lang='lat' dir='ltr'>de</span> <span class='ocrx_word' id='word_1_203' title='bbox 1325 1725 1586 1776; x_wconf 85' lang='lat' dir='ltr'>gewoonten</span> <span class='ocrx_word' id='word_1_204' title='bbox 1625 1735 1710 1764; x_wconf 82' lang='lat' dir='ltr'>van</span> <span class='ocrx_word' id='word_1_205' title='bbox 1752 1722 1843 1764; x_wconf 91' lang='lat' dir='ltr'>hun</span> 
     </span>
     <span class='ocr_line' id='line_1_22' title="bbox 197 1789 1839 1849; baseline 0.001 -15"><span class='ocrx_word' id='word_1_206' title='bbox 197 1792 366 1847; x_wconf 85' lang='lat' dir='ltr'>gewest</span> <span class='ocrx_word' id='word_1_207' title='bbox 381 1791 529 1833; x_wconf 89' lang='lat' dir='ltr'>hunne</span> <span class='ocrx_word' id='word_1_208' title='bbox 553 1789 764 1833; x_wconf 85' lang='lat' dir='ltr'>onschuld</span> <span class='ocrx_word' id='word_1_209' title='bbox 798 1804 954 1846; x_wconf 88' lang='lat' dir='ltr'>mogen</span> <span class='ocrx_word' id='word_1_210' title='bbox 987 1790 1202 1848; x_wconf 79' lang='lat' dir='ltr'>bewijZen</span> <span class='ocrx_word' id='word_1_211' title='bbox 1227 1789 1263 1837; x_wconf 84' lang='lat'>⁵.</span> <span class='ocrx_word' id='word_1_212' title='bbox 1302 1792 1443 1834; x_wconf 86' lang='lat' dir='ltr'>Alwie</span> <span class='ocrx_word' id='word_1_213' title='bbox 1477 1792 1661 1847; x_wconf 88' lang='lat' dir='ltr'>weigert</span> <span class='ocrx_word' id='word_1_214' title='bbox 1694 1791 1839 1849; x_wconf 75' lang='lat' dir='ltr'>ziJnen</span> 
     </span>
    </p>
   </div>
   <div class='ocr_carea' id='block_1_3' title="bbox 1111 1904 1714 1911">
    <p class='ocr_par' dir='ltr' id='par_1_5' title="bbox 1111 1904 1714 1911">
     <span class='ocr_line' id='line_1_23' title="bbox 1111 1904 1714 1911; baseline 0 0"><span class='ocrx_word' id='word_1_215' title='bbox 1111 1904 1714 1911; x_wconf 95' lang='lat' dir='ltr'> </span> 
     </span>
    </p>
   </div>
   <div class='ocr_carea' id='block_1_4' title="bbox 197 1969 1847 2997">
    <p class='ocr_par' dir='ltr' id='par_1_6' title="bbox 197 1969 1838 2067">
     <span class='ocr_line' id='line_1_24' title="bbox 245 1969 1838 2015; baseline 0 -11"><span class='ocrx_word' id='word_1_216' title='bbox 245 1971 256 1992; x_wconf 82' lang='lat'>⁴</span> <span class='ocrx_word' id='word_1_217' title='bbox 287 1970 491 2006; x_wconf 83' lang='lat' dir='ltr'>Saecularis</span> <span class='ocrx_word' id='word_1_218' title='bbox 514 1970 718 2014; x_wconf 80' lang='lat' dir='ltr'>reliquatur</span> <span class='ocrx_word' id='word_1_219' title='bbox 730 1969 883 2005; x_wconf 88' lang='lat' dir='ltr'>arbitrio</span> <span class='ocrx_word' id='word_1_220' title='bbox 914 1969 1100 2013; x_wconf 84' lang='lat' dir='ltr'>potestatis</span> <span class='ocrx_word' id='word_1_221' title='bbox 1128 1969 1440 2005; x_wconf 87' lang='lat' dir='ltr'>animadversione</span> <span class='ocrx_word' id='word_1_222' title='bbox 1468 1970 1590 2006; x_wconf 86' lang='lat' dir='ltr'>debita</span> <span class='ocrx_word' id='word_1_223' title='bbox 1622 1970 1838 2015; x_wconf 85' lang='lat' dir='ltr'>puniendus.</span> 
     </span>
     <span class='ocr_line' id='line_1_25' title="bbox 197 2024 321 2067; baseline -0.024 -7"><span class='ocrx_word' id='word_1_224' title='bbox 197 2024 321 2067; x_wconf 86' lang='lat' dir='ltr'>(Ibid.)</span> 
     </span>
    </p>

    <p class='ocr_par' dir='ltr' id='par_1_7' title="bbox 200 2076 1843 2174">
     <span class='ocr_line' id='line_1_26' title="bbox 245 2076 1843 2122; baseline 0 -11"><span class='ocrx_word' id='word_1_225' title='bbox 245 2077 259 2098; x_wconf 70' lang='lat'><strong>2</strong></span> <span class='ocrx_word' id='word_1_226' title='bbox 287 2076 492 2111; x_wconf 76' lang='lat' dir='ltr'>Saecularis</span> <span class='ocrx_word' id='word_1_227' title='bbox 503 2076 643 2121; x_wconf 82' lang='lat' dir='ltr'>judicis</span> <span class='ocrx_word' id='word_1_228' title='bbox 659 2077 812 2112; x_wconf 86' lang='lat' dir='ltr'>arbitrio</span> <span class='ocrx_word' id='word_1_229' title='bbox 829 2076 1033 2120; x_wconf 78' lang='lat' dir='ltr'>reliquatur</span> <span class='ocrx_word' id='word_1_230' title='bbox 1049 2076 1209 2113; x_wconf 83' lang='lat' dir='ltr'>debitam</span> <span class='ocrx_word' id='word_1_231' title='bbox 1236 2079 1448 2122; x_wconf 88' lang='lat' dir='ltr'>recepturus</span> <span class='ocrx_word' id='word_1_232' title='bbox 1471 2088 1536 2122; x_wconf 87' lang='lat' dir='ltr'>pro</span> <span class='ocrx_word' id='word_1_233' title='bbox 1553 2077 1728 2120; x_wconf 83' lang='lat' dir='ltr'>qualitate</span> <span class='ocrx_word' id='word_1_234' title='bbox 1754 2076 1843 2111; x_wconf 87' lang='lat' dir='ltr'>faci-</span> 
     </span>
     <span class='ocr_line' id='line_1_27' title="bbox 200 2131 660 2174; baseline -0.004 -7"><span class='ocrx_word' id='word_1_235' title='bbox 200 2131 298 2167; x_wconf 89' lang='lat' dir='ltr'>noris</span> <span class='ocrx_word' id='word_1_236' title='bbox 317 2131 506 2166; x_wconf 87' lang='lat' dir='ltr'>ultionem.</span> <span class='ocrx_word' id='word_1_237' title='bbox 527 2132 660 2174; x_wconf 87' lang='lat' dir='ltr'>(Ibid.).</span> 
     </span>
    </p>

    <p class='ocr_par' dir='ltr' id='par_1_8' title="bbox 247 2186 1000 2230">
     <span class='ocr_line' id='line_1_28' title="bbox 247 2186 1000 2230; baseline -0.001 -10"><span class='ocrx_word' id='word_1_238' title='bbox 247 2186 261 2208; x_wconf 81' lang='lat'>³</span> <span class='ocrx_word' id='word_1_239' title='bbox 290 2186 375 2221; x_wconf 88' lang='lat' dir='ltr'>Sine</span> <span class='ocrx_word' id='word_1_240' title='bbox 393 2187 470 2221; x_wconf 90' lang='lat' dir='ltr'>ulla</span> <span class='ocrx_word' id='word_1_241' title='bbox 487 2187 631 2230; x_wconf 88' lang='lat' dir='ltr'>penitus</span> <span class='ocrx_word' id='word_1_242' title='bbox 647 2186 846 2221; x_wconf 86' lang='lat' dir='ltr'>audientia.</span> <span class='ocrx_word' id='word_1_243' title='bbox 867 2186 1000 2230; x_wconf 89' lang='lat' dir='ltr'>(Ibid.).</span> 
     </span>
    </p>

    <p class='ocr_par' dir='ltr' id='par_1_9' title="bbox 200 2241 1847 2941">
     <span class='ocr_line' id='line_1_29' title="bbox 246 2241 1843 2287; baseline 0.001 -11"><span class='ocrx_word' id='word_1_244' title='bbox 246 2241 261 2263; x_wconf 77' lang='lat'><strong>⁴</strong></span> <span class='ocrx_word' id='word_1_245' title='bbox 288 2241 345 2276; x_wconf 89' lang='lat' dir='ltr'>Ad</span> <span class='ocrx_word' id='word_1_246' title='bbox 360 2241 449 2275; x_wconf 81' lang='lat' dir='ltr'>haec</span> <span class='ocrx_word' id='word_1_247' title='bbox 462 2241 506 2276; x_wconf 92' lang='lat' dir='ltr'>de</span> <span class='ocrx_word' id='word_1_248' title='bbox 518 2241 713 2285; x_wconf 85' lang='lat' dir='ltr'>episcopali</span> <span class='ocrx_word' id='word_1_249' title='bbox 728 2241 879 2276; x_wconf 90' lang='lat' dir='ltr'>consilio</span> <span class='ocrx_word' id='word_1_250' title='bbox 897 2245 932 2276; x_wconf 91' lang='lat' dir='ltr'>et</span> <span class='ocrx_word' id='word_1_251' title='bbox 945 2241 1177 2286; x_wconf 81' lang='lat' dir='ltr'>suggestione</span> <span class='ocrx_word' id='word_1_252' title='bbox 1190 2242 1359 2277; x_wconf 90' lang='lat' dir='ltr'>culminis</span> <span class='ocrx_word' id='word_1_253' title='bbox 1374 2242 1574 2286; x_wconf 88' lang='lat' dir='ltr'>imperialis</span> <span class='ocrx_word' id='word_1_254' title='bbox 1588 2245 1623 2278; x_wconf 91' lang='lat' dir='ltr'>et</span> <span class='ocrx_word' id='word_1_255' title='bbox 1636 2241 1843 2287; x_wconf 84' lang='lat' dir='ltr'>principum</span> 
     </span>
     <span class='ocr_line' id='line_1_30' title="bbox 200 2294 1846 2341; baseline 0.002 -12"><span class='ocrx_word' id='word_1_256' title='bbox 200 2296 277 2339; x_wconf 87' lang='lat' dir='ltr'>ejus</span> <span class='ocrx_word' id='word_1_257' title='bbox 294 2295 505 2339; x_wconf 77' lang='lat' dir='ltr'>adjecimuS,</span> <span class='ocrx_word' id='word_1_258' title='bbox 524 2299 564 2330; x_wconf 86' lang='lat' dir='ltr'>ut</span> <span class='ocrx_word' id='word_1_259' title='bbox 580 2295 735 2338; x_wconf 85' lang='lat' dir='ltr'>quilibet</span> <span class='ocrx_word' id='word_1_260' title='bbox 751 2294 1044 2339; x_wconf 83' lang='lat' dir='ltr'>archiepiscopus</span> <span class='ocrx_word' id='word_1_261' title='bbox 1063 2307 1127 2339; x_wconf 89' lang='lat' dir='ltr'>per</span> <span class='ocrx_word' id='word_1_262' title='bbox 1140 2307 1177 2331; x_wconf 88' lang='lat' dir='ltr'>se</span> <span class='ocrx_word' id='word_1_263' title='bbox 1194 2296 1250 2330; x_wconf 91' lang='lat' dir='ltr'>vel</span> <span class='ocrx_word' id='word_1_264' title='bbox 1266 2296 1565 2331; x_wconf 85' lang='lat' dir='ltr'>archidiaconum</span> <span class='ocrx_word' id='word_1_265' title='bbox 1579 2307 1684 2331; x_wconf 88' lang='lat' dir='ltr'>suum</span> <span class='ocrx_word' id='word_1_266' title='bbox 1702 2301 1765 2332; x_wconf 86' lang='lat' dir='ltr'>aut</span> <span class='ocrx_word' id='word_1_267' title='bbox 1782 2308 1846 2341; x_wconf 88' lang='lat' dir='ltr'>per</span> 
     </span>
     <span class='ocr_line' id='line_1_31' title="bbox 201 2349 1847 2396; baseline 0.002 -13"><span class='ocrx_word' id='word_1_268' title='bbox 201 2349 291 2384; x_wconf 91' lang='lat' dir='ltr'>alias</span> <span class='ocrx_word' id='word_1_269' title='bbox 306 2349 473 2385; x_wconf 87' lang='lat' dir='ltr'>honestas</span> <span class='ocrx_word' id='word_1_270' title='bbox 490 2349 708 2392; x_wconf 88' lang='lat' dir='ltr'>idoneasque</span> <span class='ocrx_word' id='word_1_271' title='bbox 725 2361 895 2394; x_wconf 86' lang='lat' dir='ltr'>personas</span> <span class='ocrx_word' id='word_1_272' title='bbox 913 2350 968 2384; x_wconf 91' lang='lat' dir='ltr'>bis</span> <span class='ocrx_word' id='word_1_273' title='bbox 986 2351 1042 2385; x_wconf 89' lang='lat' dir='ltr'>vel</span> <span class='ocrx_word' id='word_1_274' title='bbox 1058 2351 1167 2385; x_wconf 89' lang='lat' dir='ltr'>semel</span> <span class='ocrx_word' id='word_1_275' title='bbox 1185 2351 1222 2385; x_wconf 93' lang='lat' dir='ltr'>in</span> <span class='ocrx_word' id='word_1_276' title='bbox 1238 2362 1333 2386; x_wconf 88' lang='lat' dir='ltr'>anno</span> <span class='ocrx_word' id='word_1_277' title='bbox 1358 2352 1582 2395; x_wconf 86' lang='lat' dir='ltr'>parochiam,</span> <span class='ocrx_word' id='word_1_278' title='bbox 1602 2352 1639 2386; x_wconf 89' lang='lat' dir='ltr'>in</span> <span class='ocrx_word' id='word_1_279' title='bbox 1658 2363 1729 2396; x_wconf 90' lang='lat' dir='ltr'>qua</span> <span class='ocrx_word' id='word_1_280' title='bbox 1750 2353 1847 2386; x_wconf 87' lang='lat' dir='ltr'>fama</span> 
     </span>
     <span class='ocr_line' id='line_1_32' title="bbox 201 2403 1846 2450; baseline 0.002 -12"><span class='ocrx_word' id='word_1_281' title='bbox 201 2403 312 2439; x_wconf 86' lang='lat' dir='ltr'>fuerit</span> <span class='ocrx_word' id='word_1_282' title='bbox 334 2404 536 2439; x_wconf 90' lang='lat' dir='ltr'>haereticos</span> <span class='ocrx_word' id='word_1_283' title='bbox 559 2404 737 2445; x_wconf 89' lang='lat' dir='ltr'>habitare,</span> <span class='ocrx_word' id='word_1_284' title='bbox 764 2404 964 2439; x_wconf 85' lang='lat' dir='ltr'>circumeat</span> <span class='ocrx_word' id='word_1_285' title='bbox 979 2418 986 2447; x_wconf 79' lang='lat'>3</span> <span class='ocrx_word' id='word_1_286' title='bbox 1013 2408 1048 2440; x_wconf 91' lang='lat' dir='ltr'>et</span> <span class='ocrx_word' id='word_1_287' title='bbox 1066 2405 1117 2439; x_wconf 88' lang='lat' dir='ltr'>ibi</span> <span class='ocrx_word' id='word_1_288' title='bbox 1134 2408 1206 2440; x_wconf 88' lang='lat' dir='ltr'>tres</span> <span class='ocrx_word' id='word_1_289' title='bbox 1222 2407 1279 2440; x_wconf 82' lang='lat' dir='ltr'>vel</span> <span class='ocrx_word' id='word_1_290' title='bbox 1293 2407 1414 2450; x_wconf 88' lang='lat' dir='ltr'>plures</span> <span class='ocrx_word' id='word_1_291' title='bbox 1431 2406 1515 2441; x_wconf 92' lang='lat' dir='ltr'>boni</span> <span class='ocrx_word' id='word_1_292' title='bbox 1533 2407 1731 2442; x_wconf 89' lang='lat' dir='ltr'>testimonii</span> <span class='ocrx_word' id='word_1_293' title='bbox 1748 2406 1846 2442; x_wconf 89' lang='lat' dir='ltr'>viros</span> 
     </span>
     <span class='ocr_line' id='line_1_33' title="bbox 202 2458 1846 2505; baseline 0.001 -12"><span class='ocrx_word' id='word_1_294' title='bbox 202 2459 258 2493; x_wconf 90' lang='lat' dir='ltr'>vel</span> <span class='ocrx_word' id='word_1_295' title='bbox 282 2459 403 2500; x_wconf 89' lang='lat' dir='ltr'>etiam,</span> <span class='ocrx_word' id='word_1_296' title='bbox 429 2458 458 2493; x_wconf 90' lang='lat' dir='ltr'>si</span> <span class='ocrx_word' id='word_1_297' title='bbox 482 2459 651 2502; x_wconf 82' lang='lat' dir='ltr'>expedire</span> <span class='ocrx_word' id='word_1_298' title='bbox 675 2459 868 2500; x_wconf 86' lang='lat' dir='ltr'>videbitur,</span> <span class='ocrx_word' id='word_1_299' title='bbox 895 2462 1007 2494; x_wconf 90' lang='lat' dir='ltr'>totam</span> <span class='ocrx_word' id='word_1_300' title='bbox 1031 2459 1205 2494; x_wconf 86' lang='lat' dir='ltr'>viciniam</span> <span class='ocrx_word' id='word_1_301' title='bbox 1225 2461 1352 2503; x_wconf 85' lang='lat' dir='ltr'>jurare</span> <span class='ocrx_word' id='word_1_302' title='bbox 1378 2461 1583 2505; x_wconf 84' lang='lat' dir='ltr'>compellat,</span> <span class='ocrx_word' id='word_1_303' title='bbox 1608 2461 1704 2505; x_wconf 89' lang='lat' dir='ltr'>quod</span> <span class='ocrx_word' id='word_1_304' title='bbox 1719 2461 1749 2495; x_wconf 88' lang='lat' dir='ltr'>si</span> <span class='ocrx_word' id='word_1_305' title='bbox 1766 2461 1846 2505; x_wconf 84' lang='lat' dir='ltr'>quis</span> 
     </span>
     <span class='ocr_line' id='line_1_34' title="bbox 202 2513 1847 2558; baseline 0.002 -10"><span class='ocrx_word' id='word_1_306' title='bbox 202 2513 337 2549; x_wconf 86' lang='lat' dir='ltr'>ibidem</span> <span class='ocrx_word' id='word_1_307' title='bbox 353 2513 554 2548; x_wconf 88' lang='lat' dir='ltr'>haereticos</span> <span class='ocrx_word' id='word_1_308' title='bbox 570 2513 717 2548; x_wconf 83' lang='lat' dir='ltr'>sciverit</span> <span class='ocrx_word' id='word_1_309' title='bbox 733 2514 790 2548; x_wconf 90' lang='lat' dir='ltr'>vel</span> <span class='ocrx_word' id='word_1_310' title='bbox 811 2514 951 2558; x_wconf 89' lang='lat' dir='ltr'>aliquos</span> <span class='ocrx_word' id='word_1_311' title='bbox 969 2515 1112 2550; x_wconf 88' lang='lat' dir='ltr'>occulta</span> <span class='ocrx_word' id='word_1_312' title='bbox 1129 2515 1384 2550; x_wconf 76' lang='lat' dir='ltr'>conventicula</span> <span class='ocrx_word' id='word_1_313' title='bbox 1401 2516 1623 2551; x_wconf 86' lang='lat' dir='ltr'>celebrantes</span> <span class='ocrx_word' id='word_1_314' title='bbox 1639 2528 1701 2551; x_wconf 90' lang='lat' dir='ltr'>seu</span> <span class='ocrx_word' id='word_1_315' title='bbox 1718 2527 1739 2550; x_wconf 88' lang='lat' dir='ltr'>a</span> <span class='ocrx_word' id='word_1_316' title='bbox 1755 2527 1847 2551; x_wconf 90' lang='lat' dir='ltr'>com-</span> 
     </span>
     <span class='ocr_line' id='line_1_35' title="bbox 203 2565 1847 2611; baseline 0.001 -11"><span class='ocrx_word' id='word_1_317' title='bbox 203 2565 306 2600; x_wconf 88' lang='lat' dir='ltr'>muni</span> <span class='ocrx_word' id='word_1_318' title='bbox 322 2565 592 2601; x_wconf 82' lang='lat' dir='ltr'>conversatione</span> <span class='ocrx_word' id='word_1_319' title='bbox 609 2565 771 2600; x_wconf 88' lang='lat' dir='ltr'>fidelium</span> <span class='ocrx_word' id='word_1_320' title='bbox 785 2565 859 2601; x_wconf 86' lang='lat' dir='ltr'>vita</span> <span class='ocrx_word' id='word_1_321' title='bbox 877 2568 912 2601; x_wconf 88' lang='lat' dir='ltr'>et</span> <span class='ocrx_word' id='word_1_322' title='bbox 928 2566 1091 2601; x_wconf 86' lang='lat' dir='ltr'>moribus</span> <span class='ocrx_word' id='word_1_323' title='bbox 1107 2567 1331 2609; x_wconf 75' lang='lat' dir='ltr'>dissidentes,</span> <span class='ocrx_word' id='word_1_324' title='bbox 1348 2579 1407 2602; x_wconf 89' lang='lat' dir='ltr'>eos</span> <span class='ocrx_word' id='word_1_325' title='bbox 1419 2568 1586 2611; x_wconf 91' lang='lat' dir='ltr'>episcopo</span> <span class='ocrx_word' id='word_1_326' title='bbox 1600 2569 1656 2603; x_wconf 85' lang='lat' dir='ltr'>vel</span> <span class='ocrx_word' id='word_1_327' title='bbox 1669 2568 1847 2603; x_wconf 87' lang='lat' dir='ltr'>archidia-</span> 
     </span>
     <span class='ocr_line' id='line_1_36' title="bbox 204 2620 1847 2666; baseline 0.001 -11"><span class='ocrx_word' id='word_1_328' title='bbox 204 2631 294 2655; x_wconf 93' lang='lat' dir='ltr'>cono</span> <span class='ocrx_word' id='word_1_329' title='bbox 306 2621 448 2655; x_wconf 82' lang='lat' dir='ltr'>studeat</span> <span class='ocrx_word' id='word_1_330' title='bbox 460 2620 635 2655; x_wconf 86' lang='lat' dir='ltr'>indicare.</span> <span class='ocrx_word' id='word_1_331' title='bbox 649 2620 847 2664; x_wconf 85' lang='lat' dir='ltr'>Episcopus</span> <span class='ocrx_word' id='word_1_332' title='bbox 860 2625 981 2656; x_wconf 87' lang='lat' dir='ltr'>autem</span> <span class='ocrx_word' id='word_1_333' title='bbox 995 2633 1056 2656; x_wconf 87' lang='lat' dir='ltr'>seu</span> <span class='ocrx_word' id='word_1_334' title='bbox 1070 2621 1349 2656; x_wconf 88' lang='lat' dir='ltr'>archidiaconus</span> <span class='ocrx_word' id='word_1_335' title='bbox 1362 2623 1407 2657; x_wconf 89' lang='lat' dir='ltr'>ad</span> <span class='ocrx_word' id='word_1_336' title='bbox 1421 2623 1660 2666; x_wconf 82' lang='lat' dir='ltr'>praesentiam</span> <span class='ocrx_word' id='word_1_337' title='bbox 1674 2625 1847 2657; x_wconf 79' lang='lat' dir='ltr'>convocet</span> 
     </span>
     <span class='ocr_line' id='line_1_37' title="bbox 204 2675 1846 2720; baseline 0.001 -11"><span class='ocrx_word' id='word_1_338' title='bbox 204 2678 389 2710; x_wconf 87' lang='lat' dir='ltr'>accusatos</span> <span class='ocrx_word' id='word_1_339' title='bbox 405 2688 414 2718; x_wconf 73' lang='grc' dir='ltr'><strong>ς</strong></span> <span class='ocrx_word' id='word_1_340' title='bbox 447 2675 510 2719; x_wconf 89' lang='lat' dir='ltr'>qui</span> <span class='ocrx_word' id='word_1_341' title='bbox 539 2675 608 2709; x_wconf 85' lang='lat' dir='ltr'>nisi</span> <span class='ocrx_word' id='word_1_342' title='bbox 652 2687 687 2709; x_wconf 86' lang='lat' dir='ltr'>se</span> <span class='ocrx_word' id='word_1_343' title='bbox 716 2675 762 2710; x_wconf 84' lang='lat' dir='ltr'>ad</span> <span class='ocrx_word' id='word_1_344' title='bbox 789 2687 915 2710; x_wconf 85' lang='lat' dir='ltr'>eorum</span> <span class='ocrx_word' id='word_1_345' title='bbox 943 2676 1136 2711; x_wconf 86' lang='lat' dir='ltr'>arbitrium</span> <span class='ocrx_word' id='word_1_346' title='bbox 1160 2678 1267 2720; x_wconf 74' lang='lat' dir='ltr'>juxta</span> <span class='ocrx_word' id='word_1_347' title='bbox 1298 2676 1437 2720; x_wconf 83' lang='lat' dir='ltr'>patriae</span> <span class='ocrx_word' id='word_1_348' title='bbox 1465 2677 1762 2712; x_wconf 84' lang='lat' dir='ltr'>consuetudinem</span> <span class='ocrx_word' id='word_1_349' title='bbox 1801 2678 1846 2711; x_wconf 90' lang='lat' dir='ltr'>ab</span> 
     </span>
     <span class='ocr_line' id='line_1_38' title="bbox 204 2729 1846 2776; baseline 0.001 -11"><span class='ocrx_word' id='word_1_350' title='bbox 204 2731 344 2774; x_wconf 84' lang='lat' dir='ltr'>objecto</span> <span class='ocrx_word' id='word_1_351' title='bbox 360 2733 463 2765; x_wconf 84' lang='lat' dir='ltr'>reatu</span> <span class='ocrx_word' id='word_1_352' title='bbox 481 2729 730 2774; x_wconf 53' lang='lat' dir='ltr'>purgaverint,</span> <span class='ocrx_word' id='word_1_353' title='bbox 746 2730 802 2765; x_wconf 88' lang='lat' dir='ltr'>vel</span> <span class='ocrx_word' id='word_1_354' title='bbox 816 2730 845 2764; x_wconf 91' lang='lat' dir='ltr'>si</span> <span class='ocrx_word' id='word_1_355' title='bbox 860 2733 937 2774; x_wconf 89' lang='lat' dir='ltr'>post</span> <span class='ocrx_word' id='word_1_356' title='bbox 954 2731 1208 2775; x_wconf 84' lang='lat' dir='ltr'>purgationem</span> <span class='ocrx_word' id='word_1_357' title='bbox 1224 2731 1423 2767; x_wconf 78' lang='lat' dir='ltr'>exhibitam</span> <span class='ocrx_word' id='word_1_358' title='bbox 1442 2731 1481 2766; x_wconf 89' lang='lat' dir='ltr'>in</span> <span class='ocrx_word' id='word_1_359' title='bbox 1501 2732 1690 2776; x_wconf 89' lang='lat' dir='ltr'>pristinam</span> <span class='ocrx_word' id='word_1_360' title='bbox 1710 2731 1846 2767; x_wconf 88' lang='lat' dir='ltr'>fuerint</span> 
     </span>
     <span class='ocr_line' id='line_1_39' title="bbox 204 2784 1846 2831; baseline 0.001 -11"><span class='ocrx_word' id='word_1_361' title='bbox 204 2784 336 2828; x_wconf 84' lang='lat' dir='ltr'>relapsi</span> <span class='ocrx_word' id='word_1_362' title='bbox 360 2785 563 2828; x_wconf 87' lang='lat' dir='ltr'>perfidiam,</span> <span class='ocrx_word' id='word_1_363' title='bbox 589 2785 841 2829; x_wconf 88' lang='lat' dir='ltr'>episcoporum</span> <span class='ocrx_word' id='word_1_364' title='bbox 859 2787 873 2828; x_wconf 85' lang='lat' dir='ltr'>j</span> <span class='ocrx_word' id='word_1_365' title='bbox 881 2785 1002 2820; x_wconf 89' lang='lat' dir='ltr'>udicio</span> <span class='ocrx_word' id='word_1_366' title='bbox 1026 2786 1239 2829; x_wconf 88' lang='lat' dir='ltr'>puniantur.</span> <span class='ocrx_word' id='word_1_367' title='bbox 1260 2786 1298 2820; x_wconf 92' lang='lat' dir='ltr'>Si</span> <span class='ocrx_word' id='word_1_368' title='bbox 1315 2787 1378 2830; x_wconf 86' lang='lat' dir='ltr'>qui</span> <span class='ocrx_word' id='word_1_369' title='bbox 1395 2798 1481 2822; x_wconf 73' lang='lat' dir='ltr'>vero</span> <span class='ocrx_word' id='word_1_370' title='bbox 1499 2797 1545 2822; x_wconf 83' lang='lat' dir='ltr'>cx</span> <span class='ocrx_word' id='word_1_371' title='bbox 1559 2787 1610 2822; x_wconf 89' lang='lat' dir='ltr'>eis</span> <span class='ocrx_word' id='word_1_372' title='bbox 1621 2786 1846 2831; x_wconf 86' lang='lat' dir='ltr'>jurationem</span> 
     </span>
     <span class='ocr_line' id='line_1_40' title="bbox 206 2840 1845 2885; baseline 0.001 -11"><span class='ocrx_word' id='word_1_373' title='bbox 206 2840 460 2884; x_wconf 86' lang='lat' dir='ltr'>superstitione</span> <span class='ocrx_word' id='word_1_374' title='bbox 482 2840 682 2875; x_wconf 86' lang='lat' dir='ltr'>damnabili</span> <span class='ocrx_word' id='word_1_375' title='bbox 705 2843 914 2884; x_wconf 78' lang='lat' dir='ltr'>respuentes</span> <span class='ocrx_word' id='word_1_376' title='bbox 933 2842 1061 2884; x_wconf 86' lang='lat' dir='ltr'>jurare</span> <span class='ocrx_word' id='word_1_377' title='bbox 1085 2841 1177 2876; x_wconf 81' lang='lat' dir='ltr'>sorte</span> <span class='ocrx_word' id='word_1_378' title='bbox 1202 2842 1399 2883; x_wconf 88' lang='lat' dir='ltr'>noluerint,</span> <span class='ocrx_word' id='word_1_379' title='bbox 1425 2854 1467 2877; x_wconf 79' lang='lat' dir='ltr'>ex</span> <span class='ocrx_word' id='word_1_380' title='bbox 1485 2842 1554 2876; x_wconf 88' lang='lat' dir='ltr'>hoc</span> <span class='ocrx_word' id='word_1_381' title='bbox 1578 2842 1655 2885; x_wconf 89' lang='lat' dir='ltr'>ipso</span> <span class='ocrx_word' id='word_1_382' title='bbox 1671 2841 1845 2877; x_wconf 88' lang='lat' dir='ltr'>haeretici</span> 
     </span>
     <span class='ocr_line' id='line_1_41' title="bbox 203 2895 1759 2941; baseline 0 -12"><span class='ocrx_word' id='word_1_383' title='bbox 203 2895 416 2938; x_wconf 76' lang='lat' dir='ltr'>judicentur</span> <span class='ocrx_word' id='word_1_384' title='bbox 432 2898 466 2929; x_wconf 88' lang='lat' dir='ltr'>ct</span> <span class='ocrx_word' id='word_1_385' title='bbox 482 2895 606 2939; x_wconf 87' lang='lat' dir='ltr'>poenis</span> <span class='ocrx_word' id='word_1_386' title='bbox 618 2907 709 2938; x_wconf 90' lang='lat' dir='ltr'>quae</span> <span class='ocrx_word' id='word_1_387' title='bbox 726 2895 1018 2939; x_wconf 83' lang='lat' dir='ltr'>praenominatae</span> <span class='ocrx_word' id='word_1_388' title='bbox 1035 2899 1130 2936; x_wconf 87' lang='lat' dir='ltr'>sunt,</span> <span class='ocrx_word' id='word_1_389' title='bbox 1146 2897 1401 2940; x_wconf 85' lang='lat' dir='ltr'>percellantur.</span> <span class='ocrx_word' id='word_1_390' title='bbox 1416 2898 1587 2941; x_wconf 56' lang='lat' dir='ltr'>(Comus,</span> <span class='ocrx_word' id='word_1_391' title='bbox 1604 2898 1670 2931; x_wconf 79' lang='lat' dir='ltr'>biz.</span> <span class='ocrx_word' id='word_1_392' title='bbox 1688 2897 1759 2939; x_wconf 77' lang='lat'>55.)</span> 
     </span>
    </p>

    <p class='ocr_par' dir='ltr' id='par_1_10' title="bbox 259 2950 1847 2997">
     <span class='ocr_line' id='line_1_42' title="bbox 259 2950 1847 2997; baseline 0.001 -13"><span class='ocrx_word' id='word_1_393' title='bbox 259 2950 272 2971; x_wconf 73' lang='lat'><strong>⁵</strong></span> <span class='ocrx_word' id='word_1_394' title='bbox 300 2950 345 2986; x_wconf 88' lang='lat' dir='ltr'>Se</span> <span class='ocrx_word' id='word_1_395' title='bbox 368 2950 414 2988; x_wconf 83' lang='lat' dir='ltr'>ad</span> <span class='ocrx_word' id='word_1_396' title='bbox 436 2961 562 2986; x_wconf 84' lang='lat' dir='ltr'>eorum</span> <span class='ocrx_word' id='word_1_397' title='bbox 575 2950 766 2986; x_wconf 88' lang='lat' dir='ltr'>arbitrium</span> <span class='ocrx_word' id='word_1_398' title='bbox 786 2952 892 2995; x_wconf 73' lang='lat' dir='ltr'>Juxta</span> <span class='ocrx_word' id='word_1_399' title='bbox 913 2951 1050 2995; x_wconf 88' lang='lat' dir='ltr'>patriae</span> <span class='ocrx_word' id='word_1_400' title='bbox 1077 2952 1373 2989; x_wconf 80' lang='lat' dir='ltr'>consuetudinem</span> <span class='ocrx_word' id='word_1_401' title='bbox 1389 2963 1560 2997; x_wconf 81' lang='lat' dir='ltr'>purgare.</span> <span class='ocrx_word' id='word_1_402' title='bbox 1575 2952 1735 2996; x_wconf 86' lang='lat' dir='ltr'>(Hieruit</span> <span class='ocrx_word' id='word_1_403' title='bbox 1747 2952 1847 2995; x_wconf 77' lang='lat' dir='ltr'>volgt</span> 
     </span>
    </p>
   </div>
  </div>
 </body>
</html>
