2220 3471
341 236 400 269 110
670 230 955 265 WETGEVING
985 229 1079 262 DER
1110 227 1382 262 WERELDLIJ
1385 226 1446 261 ΚΕ
1481 227 1577 260 MAG
1585 227 1649 261 HT

343 333 410 377 De
431 329 693 385 haereticis),
737 326 958 383 zeggende
994 328 1120 371 aldus
1154 331 1198 371 te
1242 328 1459 371 handelen
1496 329 1561 370 tot
1587 325 1714 369 God’s
1746 338 1820 368 eer
1843 338 1895 367 en
1918 326 1985 368 tot

343 401 621 456 versterking
644 413 728 442 van
748 399 824 441 het
846 398 1003 454 geloof,
1029 413 1081 441 en
1107 412 1190 442 aan
1215 398 1266 442 de
1289 397 1565 455 wereldlijke
1599 396 1846 441 overheden
1863 396 1987 440 beve-

345 474 470 517 lende
508 471 559 514 de
603 469 881 525 inquisiteurs
925 469 969 512 in
1009 470 1087 513 het
1131 471 1362 525 toepassen
1401 469 1493 512 dier
1531 470 1697 511 wetten
1732 467 1912 524 gedwee
1943 470 1988 510 te

346 545 504 600 helpen
524 547 555 586 ¹.

407 615 480 657 Die
518 614 608 657 drie
641 615 806 656 wetten
844 625 929 654 van
966 611 1112 654 keizer
1135 611 1345 654 Frederik
1369 611 1409 652 II
1432 612 1677 652 vertoonen
1711 623 1790 652 ons
1813 609 1865 652 de
1898 609 1990 652 drie

346 689 531 740 trappen
555 684 631 727 der
649 683 843 734 straffen,
869 682 1009 725 welke
1029 686 1158 739 tegen
1178 682 1230 725 de
1249 681 1422 725 ketters
1446 681 1692 737 opvolgend
1710 681 1889 724 werden
1910 682 1993 725 uit-

348 756 608 812 gesproken.
635 757 684 798 In
704 756 780 798 het
796 754 1128 810 kroningsediet
1153 768 1238 796 van
1266 753 1381 798 1220
1404 753 1548 795 wordt
1574 753 1625 796 de
1660 751 1888 795 doodstraf
1908 766 1994 808 nog

350 828 441 870 niet
477 827 688 883 genoemd
715 840 723 869 :
747 840 795 869 er
835 827 870 868 is
910 827 1073 869 slechts
1114 826 1273 881 sprake
1313 839 1398 868 van
1439 825 1526 868 ban
1565 840 1619 868 en
1652 824 1953 880 ballingschap
1982 838 1990 867 :

348 899 542 950 bannire,
579 897 793 954 dzffla'are,
820 900 1123 940 exterminare.
1161 898 1210 940 In
1247 897 1298 939 de
1321 899 1412 939 wet
1435 910 1518 939 van
1566 896 1680 940 1232
1718 899 1912 940 verstaat
1944 896 1996 939 de

349 969 510 1020 keizer‚
531 969 666 1012 onder
679 968 730 1011 de
745 967 931 1010 formuul
950 966 1274 1011 animadversio
1299 966 1453 1019 debita,
1472 966 1789 1023 uitdrukkelijk
1803 967 1854 1010 de
1868 967 1999 1011 dood-

351 1039 475 1091 straf,
504 1040 571 1083 die
594 1039 913 1095 herhaaldelijk
937 1052 988 1094 op
1012 1039 1063 1082 de
1088 1039 1367 1095 duidelijkste
1403 1039 1571 1081 manier-
1597 1039 1742 1082 wordt
1764 1039 1958 1082 vermeld
1985 1052 1994 1082 :

351 1113 565 1167 maleficos
581 1111 725 1155 vivere
743 1123 828 1154 non
848 1110 1041 1166 passuri,
1065 1114 1180 1153 meta
1205 1110 1377 1162 mortis,
1401 1108 1645 1154 damnabili
1670 1114 1821 1163 morte,
1843 1109 2001 1154 mortis

352 1184 581 1228 sententia.
605 1184 654 1225 In
678 1182 729 1225 de
752 1184 841 1225 wet
866 1194 950 1224 van
973 1181 1087 1225 1238
1111 1181 1317 1238 eindelijk
1338 1181 1486 1224 werdt
1509 1181 1561 1224 de
1591 1181 1813 1225 vuurdood
1836 1181 2000 1226 zonder

353 1269 578 1311 omwegen
623 1253 969 1309 uitgesproken:
1011 1257 1060 1296 ut
1096 1253 1188 1296 vivi
1223 1252 1272 1295 in
1312 1256 1538 1308 conspectu
1574 1251 1799 1296 hominum
1836 1253 1999 1298 combu-

354 1334 526 1381 rantur,
550 1330 829 1379 flammarum
863 1326 1082 1370 commissi
1106 1325 1298 1384 jzcdicz'o.
1343 1325 1500 1368 Sedert
1523 1326 1683 1381 langen
1716 1325 1797 1382 tijd
1833 1339 1926 1369 was
1949 1325 2002 1368 de

353 1401 632 1456 brandstapel
657 1400 886 1455 overigens
931 1400 973 1442 in
1008 1400 1083 1442 het
1116 1398 1322 1441 Duitsehe
1361 1398 1464 1454 Rijk
1489 1398 1571 1440 den
1610 1398 1779 1441 ketters
1821 1397 2002 1441 voorbe-

354 1473 550 1524 houden;
578 1486 698 1515 maai·
716 1475 926 1514 voortaan
948 1470 1129 1513 steunde
1154 1470 1227 1512 dat
1251 1469 1594 1525 overgeleverde
1613 1470 1798 1525 gebruik
1821 1483 1873 1525 op
1897 1482 2003 1511 eene

353 1544 606 1601 keizerlijke
625 1546 712 1586 Wet
725 1540 755 1593 ²,
770 1542 837 1584 die
856 1543 897 1584 in
918 1542 970 1585 de
988 1541 1291 1585 Nederlanden
1311 1543 1376 1584 tot
1393 1555 1476 1584 aan
1497 1541 1579 1583 den
1599 1541 1909 1584 rechteroever
1927 1540 2004 1582 der

356 1615 535 1659 Schelde
560 1628 646 1658 van
671 1614 828 1657 kraeht
854 1627 962 1657 was.

415 1687 477 1743 Op
501 1687 582 1729 den
618 1686 760 1728 linker
782 1699 913 1728 oever
940 1699 1024 1728 van
1048 1684 1145 1727 dien
1184 1687 1499 1741 grensstroom,
1528 1696 1651 1727 wear
1675 1683 1726 1726 de
1747 1683 2004 1739 wetgeving

357 1759 434 1802 der
455 1758 679 1801 Fransche
711 1757 934 1813 koningen
959 1757 1002 1799 in
1027 1770 1184 1812 zwang
1218 1770 1325 1809 was,
1355 1756 1514 1798 vinden
1541 1756 1613 1812 wij
1640 1755 1721 1798 ook
1745 1753 2000 1798 denzelfden

357 1832 476 1886 rege]
499 1831 542 1873 in
567 1830 617 1872 de
641 1830 864 1871 Fransehe
888 1828 1147 1871 wetboeken
1172 1828 1249 1870 der
1277 1824 1369 1872 13ὼἒ
1395 1840 1520 1870 eeuw
1546 1827 1941 1882 neergeschreven.

420 1902 517 1946 Van
542 1901 784 1944 omstreeks
824 1899 940 1942 1260
973 1899 1239 1954 dagteekent
1264 1898 1322 1941 Li
1348 1898 1507 1942 Limnes
1529 1897 1580 1941 de
1594 1898 1754 1955 jostice
1772 1902 1812 1942 et
1833 1897 2002 1954 deplet,

359 1973 527 2017 waarin
547 1975 590 2015 te
613 1972 735 2014 lezen
760 1974 890 2021 staat,
917 1971 1004 2022 dat,
1029 1984 1136 2013 naar
1155 1971 1242 2012 luid
1266 1984 1351 2013 van
1373 1971 1403 2012 's
1423 1970 1612 2025 konings
1637 1969 2004 2024 verordeningen‚

360 2046 410 2088 de
432 2043 716 2101 geestelijken
739 2043 814 2085 der
833 2043 973 2098 plaats
992 2041 1074 2084 den
1095 2042 1330 2085 verdaehte
1365 2055 1470 2084 over
1493 2041 1577 2097 zijn
1601 2040 1750 2096 geloof
1763 2042 1806 2083 in
1825 2041 1853 2084 ’t
1873 2053 2008 2096 open-

361 2117 465 2160 baar
498 2116 801 2158 onderzoeken
837 2129 891 2157 en
931 2114 1020 2165 dat,
1057 2127 1133 2156 zoo
1173 2114 1231 2170 hij
1259 2113 1465 2168 sehuldig
1492 2112 1634 2156 wordt
1672 2111 1914 2162 bevonden,
1957 2111 2010 2152 de

360 2188 525 2243 koning
549 2188 634 2244 zijn
654 2186 722 2243 lijf
737 2200 789 2229 en
808 2185 894 2243 zijn
914 2186 1021 2241 goed
1041 2187 1200 2236 neemt,
1226 2199 1308 2227 aan
1330 2185 1443 2241 zijne
1472 2184 1673 2227 weduwe
1691 2184 1853 2226 slechts
1871 2183 2010 2225 haren

361 2256 552 2313 lijftocht
569 2258 741 2301 latende
760 2255 791 2301 ³.
818 2259 867 2299 In
886 2257 937 2300 de
961 2256 1232 2313 zoogezegde
1266 2255 1638 2300 Establissemens
1660 2254 1710 2298 de
1733 2255 1849 2298 saint
1873 2253 2013 2296 Louis

410 2459 420 2481 ¹
453 2460 501 2494 [t
524 2459 774 2504 Inquisitionis
799 2459 987 2504 negotium
1011 2463 1137 2494 eontra
1161 2459 1384 2493 haereticam
1411 2457 1628 2502 pravitatem
1655 2457 1701 2492 ad
1718 2456 1783 2491 Dei
1805 2455 1962 2500 gloriam
1978 2457 2015 2490 et

364 2518 600 2557 augmentum
625 2515 708 2549 fidei
734 2515 864 2550 nostris
889 2514 1110 2558 temporibus
1127 2518 1372 2558 prosperetur,
1393 2514 1490 2557 leges
1511 2512 1684 2555 quasdam
1700 2523 1765 2555 per
1778 2511 2014 2545 Fredericum

365 2570 452 2604 olim
477 2570 725 2604 Romanorum
751 2569 1018 2614 imperatorem,
1044 2572 1131 2603 tune
1156 2568 1194 2603 in
1217 2568 1409 2603 devotione
1428 2567 1615 2603 Romanae
1634 2565 1882 2610 persistentem
1899 2565 2013 2600 ecele-

365 2625 451 2665 siae,
477 2625 736 2668 promulgatas,
762 2627 938 2668 quatenus
962 2624 1027 2659 Dei
1053 2628 1086 2659 et
1103 2623 1277 2659 ecelesiae
1294 2626 1439 2658 sanetae
1459 2634 1544 2657 suae
1559 2622 1732 2656 honorem
1751 2623 1963 2665 promovent
1980 2623 2016 2655 et

366 2679 633 2714 haeretieorum
669 2679 926 2714 exterminium
959 2682 1228 2722 prosequuntur
1256 2681 1291 2713 et
1322 2677 1466 2714 statutis
1500 2676 1685 2712 canonicis
1717 2686 1790 2710 non
1823 2674 2013 2716 obsistunt,

367 2735 607 2777 approbantes
624 2738 658 2769 et
675 2734 861 2769 observari
879 2734 1052 2768 volentes.

417 2789 424 2810 ¹
456 2789 600 2830 Ficker,
618 2790 687 2823 blz.
703 2789 780 2830 223,
798 2789 874 2823 225.

416 2843 429 2864 ³
456 2843 614 2887 Rapetti,
645 2844 838 2879 Collection
863 2844 908 2878 de
932 2844 1144 2878 doczmzeozts
1168 2843 1306 2877 inedies
1330 2853 1397 2878 sur
1422 2841 1601 2876 Z’histoire
1618 2841 1662 2875 cle
1685 2841 1842 2878 France.
1861 2840 1930 2875 blz.
1948 2839 2013 2883 123

371 2898 525 2942 Corpus,
544 2899 610 2934 blz.
630 2899 689 2931 131
707 2911 714 2933 :
743 2899 784 2933 Li
806 2898 877 2934 reis
891 2911 956 2942 par
972 2900 1005 2934 16
1022 2900 1139 2934 conse]
1158 2899 1201 2934 (16
1218 2911 1271 2933 ses
1289 2900 1419 2934 barons
1438 2898 1495 2933 fist
1511 2898 1559 2932 tel
1576 2896 1870 2932 establissoment.
1891 2895 2013 2936 Quant
